3292 5280
794 398 856 463 213

225 564 379 626 extincto
390 562 553 637 Maximo,
564 562 705 626 dubium
719 584 760 625 an
775 565 928 645 quaesita
942 571 1050 626 morte
1064 561 1096 643 ¹),
1108 563 1243 624 auditos
1256 562 1289 623 in
1304 561 1419 625 sunere

222 683 294 746 eius
314 682 462 746 Marciae
480 683 627 763 gemitus
638 692 745 745 semet
759 683 952 757 incusantis,
968 683 1060 764 quod
1075 703 1176 745 causa
1189 682 1283 744 exitii
1298 682 1419 744 marito

223 800 373 866 luisset.”

269 921 466 996 Videamus,
499 923 556 1003 qui
590 942 704 984 rumor
734 922 789 984 ille
820 921 919 984 fuerit
944 942 1012 1004 quo
1038 921 1210 984 nitebatur
1234 921 1351 1003 opinio
1376 921 1419 983 de

223 1062 357 1104 veneno
388 1062 408 1104 a
442 1042 539 1104 Livia
567 1042 724 1123 Augusto
755 1043 845 1117 data,
870 1051 974 1124 atque
998 1043 1197 1105 inducamus
1221 1041 1419 1122 loquentem

224 1160 372 1242 aliquem
392 1162 435 1224 de
456 1161 558 1244 vulgo
579 1162 765 1236 hominum,
787 1183 929 1243 quorum
951 1183 991 1224 ea
1008 1161 1107 1224 luerit
1122 1162 1255 1244 opinio:
1273 1179 1420 1243 „paucos

224 1290 305 1344 ante
337 1301 469 1344 menses
501 1282 676 1363 Augustus
708 1281 895 1345 Planasiam
929 1292 1045 1345 vectus
1077 1291 1128 1344 est
1158 1281 1201 1344 ad
1227 1280 1418 1362 Agrippam

227 1402 416 1476 visendum,
449 1402 552 1483 idque
578 1422 681 1483 quarn
714 1403 861 1465 maxime
892 1410 1034 1476 secret0‚
1067 1422 1213 1482 namque
1238 1421 1314 1463 curn
1340 1420 1420 1463 cura

227 1520 376 1603 elegerat
408 1541 536 1596 omnes,
570 1523 627 1604 qui
660 1523 694 1584 in
728 1524 805 1585 navi
837 1530 934 1585 erant
947 1519 980 1604 ²),
1014 1532 1116 1603 atque
1148 1523 1181 1584 in
1215 1523 1287 1606 ipsa
1312 1522 1419 1585 insula

226 1661 330 1703 unum
355 1649 487 1704 tantum
512 1642 673 1705 comitem
699 1642 848 1705 habebat
873 1642 1017 1705 Fabium
1040 1642 1238 1716 Maximum,
1259 1643 1317 1723 qui
1337 1661 1418 1722 ergo

224 1759 351 1836 adfuit,
385 1782 461 1824 curn
494 1761 670 1843 Augustus
702 1782 777 1824 cum
811 1762 967 1844 Agrippa
999 1762 1218 1842 loquebatur:
1251 1761 1417 1824 eiusmodi

223 1889 337 1943 autem
357 1880 562 1963 colloquium
582 1881 643 1945 suit
662 1882 754 1957 illud,
774 1892 809 1944 ut
823 1883 959 1945 iamiam
974 1883 1060 1944 inter
1073 1902 1174 1943 avum
1188 1889 1418 1963 nepotemque

223 1999 477 2063 reconciliatum
501 2001 538 2063 iri
563 2001 708 2081 gratiam
732 2010 922 2084 appareret.
948 2000 1059 2083 Quam
1083 2021 1164 2075 rem,
1187 2001 1418 2082 maximopere

224 2117 413 2193 celandam,
435 2118 561 2181 Fabius
582 2121 678 2182 uxori
701 2120 848 2182 Marciae
868 2121 1000 2202 aperuit
1020 2128 1122 2201 atque
1144 2120 1199 2181 illa
1213 2120 1341 2182 Liviae.
1365 2120 1417 2182 En

226 2237 339 2300 subito
372 2237 498 2300 Fabius
530 2239 687 2302 moritur:
719 2260 887 2303 venenum
914 2241 1070 2302 nimirum
1095 2240 1125 2301 ei
1150 2239 1300 2302 dandum
1326 2259 1418 2301 cura-

229 2365 324 2418 verat
356 2357 463 2431 Livia,
497 2368 533 2420 ut
566 2344 859 2421 unicum'testcm
883 2359 929 2420 rei
954 2367 1024 2421 tam
1051 2359 1213 2422 molestae
1238 2367 1272 2421 et
1295 2359 1359 2420 sibi
1384 2365 1419 2420 et

230 2478 367 2540 Tiberio
391 2498 451 2540 suo
476 2478 518 2540 de
543 2477 656 2539 medio
681 2476 828 2553 tolleret,
855 2496 964 2559 neque
985 2477 1049 2540 hoc
1070 2477 1141 2539 sine
1162 2479 1248 2540 iusta
1268 2478 1419 2560 suspicor

229 2617 345 2660 causa:
377 2597 569 2659 audivimus
601 2597 691 2659 enirn
726 2596 888 2659 Marciam
920 2596 1175 2672 lamentantem,
1201 2598 1293 2678 quod
1319 2617 1419 2659 causa

230 2719 351 2781 marito
371 2718 465 2780 exitii
488 2716 613 2779 fuisset.
639 2717 684 2779 Et
703 2737 791 2779 nunc
813 2717 959 2797 Augusti
981 2717 1201 2780 valitudinem
1222 2737 1420 2799 gravescere

228 2839 400 2901 audimus:
432 2837 515 2919 quid
548 2838 655 2918 magis
685 2846 736 2899 est
768 2837 930 2900 credibile
961 2857 1063 2919 quam
1096 2839 1129 2900 in
1163 2838 1251 2901 hunc
1283 2857 1420 2919 quoque

227 2958 336 3022 scelus
360 2956 513 3020 molitam
538 2957 682 3031 Liviam,
708 2976 750 3018 ne
773 2955 951 3038 perficeret
975 2957 1008 3019 id
1033 2958 1125 3038 quod
1151 2957 1183 3019 in
1208 2958 1322 3019 animo
1342 2978 1419 3020 eum

229 3079 386 3142 habuisse
416 3078 636 3159 comperisset
667 3073 743 3138 illa?
779 3076 850 3139 Iam
876 3086 1010 3140 mortuo
1035 3076 1192 3158 Augusto
1217 3086 1419 3159 mortuoque

226 3198 296 3272 illo,
329 3198 386 3280 qui
416 3197 507 3259 solus
533 3197 629 3258 testis
653 3195 715 3258 luit
740 3195 910 3277 colloquii,
935 3196 1027 3277 quod
1053 3196 1143 3259 illam
1170 3217 1250 3259 mox
1274 3195 1419 3259 futuram

229 3319 444 3403 promitteret
476 3317 798 3391 reconciliationem,
831 3316 957 3379 nullum
990 3317 1108 3379 Liviae
1138 3317 1345 3398 Tiberioque
1376 3317 1420 3379 ab

228 3439 385 3521 Agrippa
398 3439 462 3501 erit
475 3436 694 3521 metuendum
708 3434 905 3517 periculum,
918 3444 976 3497 aut
989 3435 1166 3509 aTiberi0,
1180 3435 1246 3496 iarn
1257 3435 1419 3516 principe,

230 3558 322 3621 nullo
347 3558 484 3639 negotio
509 3556 564 3619 ille
590 3575 726 3637 quoque
751 3574 769 3615 e
794 3555 948 3627 vivorum
974 3554 1099 3636 poterit
1122 3554 1225 3616 eximi
1246 3552 1419 3616 numero.’'

276 3679 453 3741 Eiusmodi
485 3677 659 3740 hominurn
692 3694 873 3748 sermones,
901 3675 1121 3756 suspiciones,
1145 3674 1421 3736 ratiocinationes
1484 3722 1487 3727 .

231 3818 274 3860 ex
293 3799 366 3880 ipsa
384 3798 454 3859 vita
472 3804 603 3858 sumtae
621 3795 789 3868 videntur,
804 3802 839 3855 et
852 3802 991 3874 possent
1004 3813 1022 3854 e
1035 3792 1145 3855 Taciti
1159 3812 1295 3874 quoque
1310 3792 1421 3854 verbis

231 3916 388 3982 facillime
408 3914 560 3996 intelligi,
580 3914 642 3976 nisi
660 3913 724 4001 tria
742 3912 993 3975 intercederent
1010 3911 1184 3986 vocabula,
1205 3932 1293 3993 quae
1312 3919 1421 3974 totam

271 4161 297 4227 r)
321 4161 419 4225 Utique
445 4160 586 4209 tenendum
611 4159 654 4208 hic
680 4159 751 4223 quod
769 4159 801 4207 de
820 4159 946 4223 particula
967 4175 1001 4207 an
1022 4159 1058 4206 sic
1078 4157 1163 4222 posita
1182 4156 1376 4205 observavimus
1395 4171 1421 4220 p.

233 4260 274 4312 73.
303 4249 333 4296 ln
354 4247 401 4297 illo
419 4248 488 4297 enirn
503 4247 616 4314 ‘dubium
635 4263 670 4294 an
688 4246 731 4297 hic
751 4252 811 4294 sunt
830 4245 926 4294 omnia.

268 4334 295 4398 2)
315 4334 357 4384 Sic
377 4334 430 4384 lere
448 4333 602 4399 accipienda
617 4333 727 4382 arbitror
744 4334 822 4380 verba
838 4333 922 4380 elcctis
937 4332 1050 4395 consciis,
1065 4339 1092 4379 ut
1109 4329 1209 4394 aliquid
1226 4330 1293 4378 inter
1308 4329 1421 4377 comitem

232 4429 258 4472 et
276 4422 385 4471 conscios
402 4421 513 4472 intersit.
541 4420 600 4469 Hoc
618 4427 716 4468 certum
735 4434 861 4468 summum
880 4419 971 4467 secreti
987 4433 1078 4466 curam
1098 4433 1112 4465 n
1131 4416 1222 4465 Tacito
1241 4414 1389 4481 significari.
