3292 5280
811 343 871 404 166

242 507 317 584 ista*
332 523 446 596 sciolo,
473 523 529 603 qui
556 522 609 583 hic
630 541 692 583 nos
712 521 858 583 ludibrio
879 521 1000 596 habet3
1021 530 1093 583 tum
1115 523 1205 584 enim
1227 541 1315 602 quae
1336 531 1437 584 resta·

241 644 336 717 bunt,
369 644 545 724 aptissima
578 649 677 704 erunt
701 651 736 702 et
759 641 823 722 ipsi
848 651 988 704 naturae
1012 642 1070 715 rei,
1095 661 1183 722 quae
1209 642 1365 717 traditur,
1391 623 1438 705 re·

240 763 475 844 spondebant:
508 763 669 842 cuiusque
701 761 872 823 centuriae
905 761 1029 823 milites
1054 760 1168 823 cuncti
1194 761 1227 823 in
1252 782 1351 824 suum
1375 761 1436 823 sibi

240 884 393 946 involant
416 884 661 956 centurionem,
687 883 778 963 quod
803 884 885 944 satis
907 890 1076 956 accurate,
1100 880 1268 963 simulque
1293 881 1438 944 facunde

240 1012 274 1064 et
307 1003 464 1082 graviter,
498 1002 609 1063 verbis
639 1002 797 1084 sexageni
821 1000 969 1084 singulos
992 1000 1210 1082 significatur.
1237 1001 1327 1064 Nam
1352 1022 1438 1082 quae

240 1142 341 1202 porro
368 1121 596 1203 Nipperdeius
620 1121 795 1183 observat:

288 1240 384 1319 ,wie
416 1240 481 1302 viel
514 1239 667 1303 Streiche
696 1239 793 1320 jeder
825 1238 944 1302 Soldat
977 1239 1131 1320 gegeben
1164 1239 1235 1314 hat,
1269 1241 1311 1303 ist
1338 1241 1438 1303 dabei

240 1356 458 1440 gleichgiltig,
483 1360 551 1420 und
576 1379 612 1420 es
636 1357 807 1421 brauchen
832 1358 974 1420 deshalb
1000 1358 1093 1420 nicht
1118 1358 1182 1421 alle
1203 1359 1437 1422 Centurionen

241 1479 346 1541 durch
372 1479 427 1540 die
452 1477 596 1559 Schlage
620 1485 752 1559 getotet
777 1500 816 1541 zu
841 1477 998 1541 werden”

241 1598 343 1659 risum
369 1607 518 1659 movent.
543 1596 626 1678 Quis
650 1598 740 1660 enim
765 1598 837 1660 istis
861 1599 974 1661 sarciri
998 1599 1116 1661 credat
1136 1599 1323 1662 immanem
1346 1598 1438 1662 illum

242 1716 351 1778 Taciti
384 1737 542 1791 errorem,
575 1717 617 1778 de
646 1737 714 1798 quo
739 1738 815 1798 pag.
847 1733 907 1780 120
929 1715 1079 1799 egimus?
1103 1717 1160 1779 An
1183 1719 1230 1781 sic
1256 1720 1439 1782 verborum

242 1836 395 1899 laninnde'
417 1845 451 1898 et
475 1835 672 1898 convellendi
695 1837 763 1898 vim
788 1837 941 1899 imminui
966 1835 1164 1900 credamus?

288 1956 392 2018 Paulo
416 1965 492 2037 post
519 1956 601 2018 haec
627 1957 717 2037 apud
742 1956 899 2018 Tacitum
924 1956 1083 2037 legimus:

291 2076 442 2154 „Cassius
467 2075 626 2150 Chaerea,
653 2096 733 2138 mox
758 2077 862 2138 caede
887 2076 924 2139 C.
950 2076 1102 2139 Caesaris
1126 2079 1328 2140 memoriam
1350 2079 1440 2159 apud

243 2205 398 2277 posteros
429 2197 583 2276 adeptus,
616 2205 689 2257 tum
720 2195 919 2258 adulescens
951 2204 985 2258 et
1008 2196 1111 2258 animi
1136 2195 1242 2270 ferox,
1268 2198 1358 2259 inter
1382 2197 1439 2259 ob·

243 2325 371 2377 stantes
395 2324 428 2377 et
452 2325 600 2378 armatos
625 2316 712 2378 lcrro
737 2317 826 2378 viam
853 2315 1047 2397 patefecit.”

289 2433 465 2496 Aduerbia
497 2455 572 2496 mox
604 2443 638 2496 et
669 2446 738 2497 tnrn
771 2435 858 2497 inter
889 2456 924 2496 se
950 2436 1109 2517 opposita
1133 2435 1284 2497 efficiunt
1311 2445 1439 2498 utnon

244 2553 397 2616 dubitem
421 2554 501 2635 quin
529 2574 590 2635 pro
613 2554 750 2637 adeptus
772 2554 954 2635 legendum
979 2556 1023 2617 sit
1047 2555 1241 2637 adepturus.

288 2671 331 2734 A.
357 2673 381 2746 l,
410 2690 459 2753 34.
496 2671 582 2751 ,Sed
616 2672 837 2735 Germanicus
860 2683 989 2755 quanto
1013 2693 1166 2737 summae
1191 2675 1263 2756 spei
1290 2677 1437 2757 propior,

243 2801 340 2853 tanto
361 2793 544 2874 impensius
564 2812 626 2872 pro
646 2791 784 2853 Tiberio
805 2793 865 2853 niti
887 2813 991 2874 seque
1012 2793 1185 2874 proximos
1205 2801 1241 2855 et
1263 2793 1440 2875 Belgarum

244 2913 398 2973 civitates
423 2913 455 2972 in
481 2912 585 2973 verba
609 2912 680 2973 eius
704 2911 851 2992 adegit.''

289 3031 343 3094 Sic
369 3040 420 3093 est
444 3033 477 3092 in
499 3032 628 3105 codice,
650 3031 683 3092 in
704 3032 854 3113 margine
875 3039 1074 3095 annotatur:
1097 3031 1275 3112 Sequanos.
1298 3032 1440 3114 Nipper-

244 3151 339 3211 deius
359 3150 482 3211 edidit:
507 3149 703 3230 „Sequanos
724 3151 896 3231 proximas
916 3160 950 3212 et
971 3171 999 3212 e.
1015 3171 1046 3232 q.
1060 3149 1107 3213 s.'’
1130 3170 1217 3231 quae
1239 3150 1342 3213 lectio
1360 3150 1438 3213 nihil

244 3268 347 3329 habet
379 3289 447 3348 quo
479 3289 514 3329 se
546 3270 774 3332 commendet.
801 3270 877 3331 Hoc
902 3271 1098 3351 requiritur:
1127 3269 1380 3349 ,Germanicus
1404 3280 1437 3332 ut

244 3387 444 3468 quantocius
465 3386 637 3448 Tiberium
659 3387 900 3468 imperatorem
921 3409 941 3450 a
960 3408 996 3451 se
1017 3389 1154 3470 agnosci
1177 3391 1385 3462 ostenderet,
1405 3399 1437 3451 et

244 3509 315 3589 ipse
340 3508 454 3568 statim
480 3508 512 3568 in
538 3526 661 3568 nomen
686 3508 758 3569 eius
782 3508 878 3570 dedit
901 3507 1141 3582 iusiurandum,
1163 3517 1198 3570 et
1219 3528 1436 3589 quoscunque

245 3628 277 3689 in
303 3627 425 3687 vicinia
450 3625 598 3687 habebat
624 3627 747 3688 milites
769 3627 801 3688 in
823 3627 914 3688 idem
934 3630 1183 3690 sacramentum
1204 3627 1355 3710 adegit.”
1373 3626 1436 3691 Sed

245 3748 317 3827 ipsa
343 3745 447 3806 verba
474 3765 540 3805 non
568 3754 713 3825 praesto
739 3745 872 3807 Deinde
897 3746 944 3808 sic
969 3766 1103 3808 narrare
1127 3747 1239 3828 pergit
1264 3746 1417 3810 Tacitus:

295 3866 497 3946 ,Postquain
523 3865 647 3926 vallum
672 3865 756 3939 iniit,
781 3866 907 3927 dissoni
933 3875 1072 3947 questus
1094 3865 1202 3928 audiri
1227 3886 1385 3948 coepere;
1406 3873 1436 3928 et

245 3985 383 4065 quidam
406 4004 528 4065 prensa
550 4004 651 4045 manu
673 3986 743 4046 eius
761 4005 821 4066 per
834 3986 982 4066 speeiem
997 3983 1216 4047 exosculandi
1231 3985 1435 4047 inseruerunt

245 4104 379 4184 digitos,
405 4111 440 4164 ut
467 4122 573 4163 vacua
597 4102 757 4164 dentibus
781 4123 839 4165 ora
863 4102 1108 4184 contingeret.”

290 4223 457 4304 Corrupta
482 4222 565 4284 haec
587 4243 659 4284 esse
680 4231 774 4285 certo
795 4224 882 4285 scio:
904 4222 997 4285 salva
1017 4224 1108 4285 enim
1129 4223 1317 4286 Latinitate
1338 4221 1432 4285 verba

240 4355 365 4425 prorsa
391 4363 489 4403 erranei
514 4343 725 4404 inseruerunt
748 4342 960 4424 elege'tosnon
979 4353 1119 4424 possunt
1141 4343 1328 4424 quidquam
1348 4339 1429 4404 aliud
