3210 5274
768 1388 812 1452 V.

242 1613 299 1675 Ad
322 1612 405 1674 illud
428 1612 538 1675 Taciti
563 1613 667 1676 redeo
689 1614 810 1677 vitium
834 1614 878 1676 de
902 1633 970 1695 quo
995 1614 1028 1675 in
1054 1611 1215 1676 Sectione
1237 1613 1289 1676 111
1311 1614 1390 1675 dixi.

199 1732 288 1794 Nam
319 1751 386 1794 non
419 1729 538 1805 solum,
570 1731 628 1792 ubi
649 1731 691 1793 de
715 1732 888 1795 veneficiis
911 1733 991 1813 agit,
1016 1730 1120 1794 habet
1144 1730 1276 1813 aliquid
1301 1732 1391 1813 quod

199 1851 386 1932 displiceat,
421 1850 481 1912 sed
513 1869 631 1911 omnes
662 1850 734 1912 eius
766 1851 975 1913 narrationes
1006 1850 1049 1912 de
1077 1850 1171 1912 omni
1195 1850 1392 1913 insidiarum

198 1988 333 2050 genere,
354 1977 529 2050 praeterea
548 1968 592 2029 de
613 1967 841 2031 delationibus
861 1968 1115 2050 calumniisque,
1137 1969 1180 2031 de
1199 1968 1393 2032 hominibus

201 2087 282 2149 falsa
313 2086 376 2149 sibi
405 2086 654 2150 assumentibus
684 2088 823 2149 nomina
853 2096 888 2150 et
920 2087 1086 2168 quidquid
1115 2107 1160 2149 ex
1183 2086 1242 2149 illo
1266 2096 1317 2149 est
1341 2106 1394 2149 co

199 2215 348 2288 gnatove
372 2226 506 2287 genere,
531 2205 672 2268 sortasse
700 2205 886 2288 legentium
909 2207 1040 2269 animos
1060 2204 1285 2269 vehementer
1305 2225 1394 2268 com·

201 2333 380 2387 moverunt
414 2324 624 2405 firmiterque
660 2325 889 2400 detinuerunt,
925 2324 985 2387 sed
1022 2343 1084 2386 nos
1119 2343 1222 2405 saepe
1258 2324 1306 2386 ibi
1342 2323 1393 2387 vel

200 2443 476 2525 perspicuitatem
501 2443 742 2517 desideramus,
767 2442 821 2506 vel
846 2463 957 2506 rerum
982 2451 1192 2506 narratarum
1217 2443 1392 2505 rationem.

200 2561 280 2624 Alia
299 2570 377 2623 sunt
396 2559 617 2635 incredibilia,
638 2560 703 2623 alia
724 2562 878 2636 obscura,
898 2561 1047 2642 denique
1065 2581 1168 2643 saepe
1188 2560 1391 2643 nobisipsis,

200 2681 324 2742 omisso
348 2679 479 2754 Tacito,
505 2679 727 2742 divinandum
752 2689 803 2743 est
826 2681 908 2763 quid
934 2701 1051 2743 revera
1074 2680 1202 2744 sactum
1226 2683 1280 2745 sit.

247 2799 394 2861 Primum
420 2798 672 2860 consideremus
695 2817 783 2879 quae
807 2798 899 2861 Ann.
924 2798 1002 2874 XV,
1030 2813 1071 2879 50
1094 2799 1138 2861 de
1162 2800 1390 2863 coniuratione

205 2917 382 2979 Pisoniana
402 2916 573 2998 leguntur:
594 2916 642 2978 sic
662 2915 858 2980 facillimum
879 2917 961 2980 mihi
982 2918 1161 2981 transitum
1181 2938 1277 3000 paro.
1300 2919 1390 2981 Pote-

203 3045 279 3099 rant
309 3037 398 3099 enim
431 3055 518 3118 quae
550 3036 593 3098 de
624 3035 680 3097 illa
712 3036 861 3099 dicturus
892 3056 967 3098 sum
991 3037 1094 3099 etiam
1120 3037 1152 3099 in
1178 3036 1390 3119 praecedenti

203 3155 315 3236 capite
343 3155 490 3229 tractari,
515 3155 687 3236 quoniam,
712 3155 739 3216 si
764 3154 845 3236 quid
871 3155 983 3229 video,
1007 3156 1062 3218 hic
1086 3168 1224 3237 quoque
1248 3165 1323 3219 tota
1346 3173 1390 3217 res

203 3274 236 3335 in
263 3293 330 3349 uno
355 3283 507 3336 versatur
531 3272 710 3336 vocabulo.

249 3391 432 3473 Postquam
457 3392 514 3472 qui
539 3392 663 3455 fuerint
686 3390 817 3454 consilii
842 3402 997 3455 auctores
1020 3401 1055 3455 et
1080 3393 1162 3475 quid
1186 3391 1233 3455 illi
1254 3393 1344 3457 inter
1363 3412 1391 3457 se

203 3510 270 3572 sint
298 3508 456 3571 collocuti
482 3511 640 3584 narravit,
665 3519 717 3573 sat
740 3510 877 3592 longam
902 3519 1078 3575 enumerat
1100 3511 1224 3574 seriem
1249 3513 1391 3575 virorum

203 3649 289 3710 quos
315 3628 383 3690 sibi
403 3647 646 3709 aggregavere:
672 3628 907 3705 Senecionem,
934 3629 1102 3705 Natalem,
1126 3629 1227 3706 alios;
1251 3639 1325 3694 tum
1350 3631 1392 3693 sic

205 3749 331 3829 pergit:

200 3945 208 3957 .
249 3864 303 3926 Ex
327 3865 450 3945 quibus
474 3864 627 3940 Seneci0,
652 3886 670 3928 e
696 3866 877 3947 praecipua
897 3865 1124 3929 familiaritate
1144 3867 1302 3944 Neronis,
1323 3889 1394 3951 spe·

204 3983 290 4046 ciem
315 3983 484 4046 amicitiae
509 3984 613 4046 etiam
637 3992 709 4045 turn
734 3985 883 4046 retinens
907 4005 949 4047 eo
970 3984 1121 4067 pluribus
1141 3986 1299 4067 periculis
1319 4007 1395 4051 con·

205 4101 414 4176 flictabatur;
440 4102 571 4164 Natalis
595 4103 765 4183 particeps
789 4103 832 4164 ad
857 4122 958 4166 omne
983 4112 1150 4166 secretum
1175 4103 1289 4166 Pisoni
1309 4115 1396 4182 erat3

206 4221 328 4283 ceteris
350 4240 428 4301 spes
451 4240 494 4282 ex
519 4221 616 4283 novis
640 4221 740 4284 rebus
765 4221 956 4303 petebatur.

251 4338 303 4401 De
334 4336 443 4401 causis
472 4337 526 4400 hic
559 4348 712 4402 narratur
739 4360 826 4421 quae
850 4349 921 4403 tam
945 4339 1124 4404 Senecioni
1149 4359 1253 4421 quam
1278 4345 1397 4408 ceteris
