3210 5274
769 325 830 406 136

200 509 345 571 eandem
377 509 543 591 praebent
575 508 790 571 sententiam.
824 506 891 572 Sed
925 506 998 589 ipsa
1029 505 1086 569 illa
1116 505 1289 568 sententia
1314 523 1384 565 num

197 648 280 691 vera
302 626 373 691 est?
394 629 504 691 Immo
525 627 712 703 falsissima,
732 636 767 690 et
787 627 912 690 refutat
930 646 1006 689 eam
1027 627 1102 709 ipsa
1122 625 1274 687 omnium
1291 644 1385 706 popu·

197 748 308 810 lorum
330 748 479 811 historia.
500 748 712 812 Bellorumne
729 748 876 812 civilium
897 748 1045 810 victores
1063 754 1099 808 et
1121 746 1203 809 vieti
1225 764 1384 827 nunquam

199 868 307 930 solida
339 868 406 930 fide
435 866 651 930 coalescunt?
679 868 789 930 Immo
814 889 894 930 vero
918 868 1027 930 exteri
1051 886 1202 950 quoque,
1226 885 1246 927 a
1270 863 1384 927 fortiori

199 988 328 1070 populo
354 989 386 1050 vi
411 989 581 1070 armisque
605 988 747 1063 subacti,
772 1008 849 1050 cum
874 987 943 1068 illo,
966 1007 1068 1069 saepe
1093 993 1173 1068 post
1199 985 1306 1047 multa
1328 1005 1385 1047 sae·

199 1109 284 1182 cula,
311 1109 371 1172 sed
395 1110 536 1171 tandem
561 1117 686 1183 tamen,
711 1118 782 1170 tam
807 1107 947 1170 firmiter
971 1106 1168 1170 coalescunt
1192 1114 1231 1168 ut
1255 1104 1384 1168 discerni

199 1229 266 1290 iam
295 1229 353 1290 vix
377 1229 517 1309 possint.
544 1228 589 1289 Et
612 1228 705 1309 quod
730 1228 773 1290 ad
798 1227 888 1289 bella
911 1226 1023 1290 civilia
1047 1227 1208 1308 pertinet,
1234 1245 1315 1287 num
1337 1225 1384 1286 im·

200 1355 342 1429 perante
368 1346 525 1427 Augusto
550 1346 733 1409 adversarii
758 1346 829 1408 eius
854 1366 926 1409 esse
953 1346 1183 1428 perstiterunt,
1210 1345 1269 1426 qui
1294 1363 1385 1426 quon·

200 1467 279 1529 dam
303 1486 381 1528 cum
407 1466 511 1528 Bruto
535 1475 570 1528 et
595 1465 711 1528 Cassio
736 1464 908 1529 fecerant?
929 1466 1039 1529 Immo
1060 1464 1159 1527 multi
1178 1485 1298 1527 eorum
1318 1463 1385 1526 ami·

199 1587 324 1649 cissimi
349 1587 420 1650 eius
444 1585 523 1650 facti
548 1595 661 1662 erant;
686 1607 805 1649 omnes
828 1586 1027 1677 gaudebant
1047 1586 1191 1648 tandem
1215 1582 1384 1666 aliquando

198 1727 251 1769 res
276 1707 362 1769 bene
387 1727 459 1769 esse
482 1707 689 1788 compositas
712 1715 747 1769 et
767 1705 937 1787 praesenti
958 1703 1164 1787 reipublicae
1184 1712 1277 1766 statu
1297 1703 1384 1765 laeta·

202 1826 342 1888 bantur:
376 1827 418 1888 de
451 1826 555 1888 Bruto
587 1825 772 1907 Cassioque
803 1823 900 1895 οὐδεὶς
931 1821 1037 1900 λόγος.
1066 1823 1178 1886 Multo
1203 1824 1314 1885 minus
1335 1821 1385 1884 sub

202 1945 304 2007 tinem
337 1945 484 2027 Augusti
517 1966 725 2028 quemquam
755 1944 958 2028 superfuisse
990 1945 1093 2007 credo
1125 1944 1182 2025 qui
1210 1943 1385 2006 Antonium

203 2065 420 2127 desideraret.
450 2065 587 2148 Ergone
612 2066 814 2148 Vespasiani
838 2076 994 2148 tempore
1018 2064 1158 2147 quidam
1183 2064 1277 2127 cives
1301 2064 1387 2125 inter·

203 2184 360 2246 necivum
386 2185 474 2247 iuter
497 2205 532 2246 se
558 2185 673 2247 odium
694 2183 858 2247 fovebant
878 2204 1046 2247 memores
1064 2182 1191 2247 alteros
1211 2182 1294 2245 olim
1315 2183 1387 2244 inter

203 2302 407 2365 Vitellianos
438 2303 548 2378 fuisse,
573 2302 698 2366 alteros
723 2302 844 2367 lavisse
869 2301 1020 2367 Othoni?
1044 2301 1105 2366 Cui
1130 2302 1196 2365 hoc
1222 2301 1388 2384 persuade·

203 2420 315 2486 bitur?
1145 2496 1152 2507 .

248 2542 381 2604 Deinde
417 2541 556 2604 Tacitus
591 2561 701 2603 rerum
737 2541 860 2622 quibus
891 2541 973 2623 ipse,
1006 2540 1078 2602 sive
1109 2540 1144 2602 in
1176 2551 1297 2603 senatu
1327 2540 1386 2602 sive

202 2661 291 2736 alibi,
318 2661 480 2735 interfuit,
505 2662 592 2723 adeo
617 2681 748 2724 memor
772 2669 823 2723 est
846 2680 990 2742 semper,
1016 2668 1053 2723 ut
1078 2679 1336 2742 nonnumquam
1356 2659 1388 2720 de

203 2781 306 2863 priori
331 2789 486 2863 tempore
507 2780 658 2843 scribens
678 2779 742 2841 sibi
762 2786 912 2841 aetatem
929 2778 1118 2841 Domitiani
1134 2799 1273 2842 narrare
1290 2779 1390 2842 videa·

203 2909 266 2962 tur.
300 2898 400 2980 Quod
434 2909 471 2961 ut
502 2897 669 2980 exemplis
705 2897 857 2981 probem,
891 2917 943 2959 res
975 2896 1078 2979 paulo
1109 2897 1210 2961 altius
1242 2898 1324 2961 mihi
1350 2902 1392 2960 est

202 3018 399 3101 repetenda.

247 3137 445 3218 Agricolam
477 3157 545 3219 quo
578 3137 719 3200 consilio
751 3136 922 3218 scripserit
953 3135 1092 3199 Tacitus
1124 3136 1280 3200 nondum
1311 3137 1394 3210 satis,

203 3265 239 3319 ut
260 3257 391 3338 opinor,
413 3258 499 3319 inter
521 3258 610 3319 viros
630 3258 751 3320 doctos
771 3264 916 3331 constat,
937 3276 1047 3338 neque
1069 3275 1134 3336 ego
1150 3257 1394 3337 quaestionem,

203 3374 284 3438 olim
316 3396 418 3457 saepe
449 3377 623 3457 agitatam,
656 3396 745 3439 nunc
778 3376 1030 3458 redintegrabo.
1064 3375 1181 3440 Unum
1212 3374 1280 3438 hoe
1312 3377 1398 3450 dico,

204 3515 271 3557 non
307 3494 453 3577 simplex
487 3494 568 3557 illud
605 3495 781 3559 consilium
814 3495 924 3571 fuisse,
956 3496 1016 3557 sed
1050 3503 1083 3558 et
1113 3494 1180 3557 alia
1211 3515 1254 3558 eo
1285 3494 1401 3559 libello

203 3624 374 3697 spectasse
398 3615 555 3677 Tacitum
582 3623 615 3676 et
640 3614 705 3676 hoc
729 3622 766 3677 ut
786 3635 932 3678 socerum
952 3614 1155 3697 defendendo
1173 3626 1275 3678 semet
1293 3615 1402 3698 ipsum

201 3736 402 3816 defenderet.
425 3734 563 3796 Etenim
584 3742 765 3815 postquam
784 3733 902 3813 „rediit
914 3731 1067 3795 animus”
1081 3732 1212 3795 civibus
1226 3732 1404 3808 Romanis,

205 3854 318 3916 Nerva
354 3853 570 3934 Traianoque
605 3853 798 3916 libertatem
834 3862 869 3916 et
905 3853 1133 3935 principatum
1170 3851 1404 3929 miscentibus,

203 3996 383 4038 commune
421 3973 595 4037 homiuum
631 3975 747 4036 odium
783 3994 819 4036 se
851 3973 1020 4036 convertit
1051 3973 1085 4036 in
1117 3992 1186 4048 eos,
1219 3973 1279 4055 qui
1310 3976 1404 4057 apud

202 4115 341 4157 saevum
366 4102 550 4175 tyranuum
576 4093 810 4155 Domitianum
833 4093 942 4174 gratia
962 4092 1184 4175 potentiaque
1205 4089 1404 4156 floruerant.

203 4213 314 4295 Quam
347 4233 417 4275 rem
450 4211 528 4273 licet
560 4219 594 4273 et
624 4210 680 4274 alii
711 4213 893 4293 scriptores
924 4210 1015 4274 haud
1048 4230 1115 4271 uno
1138 4208 1216 4272 loco
1241 4210 1403 4289 doceant,

204 4331 286 4394 nihil
307 4340 420 4394 tamen
442 4340 493 4393 est
514 4331 605 4412 quod
628 4350 703 4392 eam
724 4330 756 4392 in
779 4329 917 4392 clariore
932 4339 1038 4411 ponat
1051 4328 1126 4392 luce
1137 4348 1241 4411 quam
1254 4330 1404 4412 epistola
