3292 5280
796 375 860 439 214

232 562 301 603 rem
325 540 526 622 perturbant
547 548 581 602 et
602 559 704 621 quarn
727 541 873 603 maxime
894 541 1041 604 reddunt
1062 541 1258 603 obscuram:
1276 538 1426 602 Gnarum

231 664 270 725 id
289 661 441 726 Caesari.
463 659 565 742 Quid,
579 680 716 742 quaes0,
731 660 853 724 Caesar
866 659 1054 744 comperit?
1068 661 1220 744 Nempe:
1233 660 1426 723 Maximum

232 784 341 855 uxori,
375 782 469 844 illam
501 779 618 843 Liviae
641 780 840 861 aperuisse.”
866 780 946 843 Alio
971 774 1057 843 verti
1082 799 1270 864 pronomen
1295 781 1335 842 ia'
1355 800 1428 842 ver·

232 900 353 963 borum
367 908 549 963 contextus
563 908 668 962 vetat.
694 899 739 962 Et
752 900 833 981 quid
848 898 989 982 postea?
1012 902 1223 983 Augustusne
1235 901 1428 962 necandum

233 1021 378 1084 Fabium
411 1018 561 1083 curavit?
598 1020 646 1084 Ut
681 1020 825 1093 mittam,
858 1029 966 1083 totam
991 1020 1219 1083 narrationem
1243 1019 1286 1081 ad
1311 1019 1430 1081 Liviae

233 1142 403 1225 pertinere
427 1139 553 1202 scelera
577 1148 612 1202 et
636 1139 810 1215 veneficia,
835 1141 917 1222 quid
942 1142 1052 1203 minus
1075 1161 1093 1203 e
1118 1160 1153 1203 re
1177 1140 1326 1222 Augusti
1351 1137 1432 1202 suit?

235 1261 371 1322 Poterat
403 1244 556 1321 obeam
581 1278 716 1321 causam
742 1259 795 1321 vel
819 1268 928 1322 totam
954 1279 1024 1322 rem
1048 1261 1217 1334 omittere,
1243 1259 1308 1334 vel,
1334 1260 1428 1341 quod

233 1381 297 1463 ipsi
330 1379 468 1460 negotio
500 1388 767 1442 consentaneum
800 1379 917 1461 magis,
950 1388 1134 1455 maturare;
1169 1387 1292 1441 necato
1318 1379 1430 1442 Fabio

234 1499 315 1562 nihil
336 1498 544 1562 lucrabatur:
567 1499 609 1561 ad
632 1498 765 1560 Liviam
782 1499 848 1561 iam
862 1507 1121 1580 permanaverat
1134 1507 1207 1561 tota
1220 1518 1283 1572 reS,
1297 1498 1430 1573 Liviae,

232 1621 260 1681 si
281 1619 367 1682 sorte
388 1620 436 1681 ira
457 1627 568 1681 motus
588 1618 764 1700 Augustus
784 1620 827 1681 de
849 1619 985 1681 conscio
997 1639 1058 1681 suo
1071 1626 1141 1680 tam
1156 1618 1286 1680 incerto
1301 1638 1432 1701 poenas

233 1740 440 1821 sumpsisset,
466 1740 576 1801 omnis
600 1739 813 1801 eximebatur
833 1738 1003 1800 dubitatio
1023 1738 1104 1819 quin
1125 1758 1205 1800 vera
1224 1738 1431 1813 audivisset;

234 1859 391 1921 infestam
428 1859 490 1921 sibi
523 1859 692 1921 redditam
726 1857 859 1920 Liviam
890 1858 975 1920 scire
1008 1865 1144 1940 poterat
1175 1856 1371 1938 AugustuS,
1404 1857 1431 1919 si

234 1978 315 2040 illud
341 1979 383 2040 de
409 1978 518 2040 Fabio
542 1986 577 2040 et
602 1977 728 2040 Marcia
753 1979 783 2039 ei
803 1997 953 2060 gnarum
977 1976 1056 2038 fuit:
1082 1976 1207 2058 placari
1232 1996 1308 2038 eam
1330 1996 1431 2057 posse

237 2098 290 2160 vel
311 2099 408 2160 vitari
429 2099 500 2160 eius
522 2097 659 2160 insidias
680 2097 779 2159 Fabii
792 2116 875 2159 nece
887 2098 914 2158 si
928 2116 1017 2159 nunc
1029 2096 1205 2177 Augustus
1217 2097 1430 2171 credidisset,

236 2218 410 2280 insaniisse
435 2237 512 2280 eum
537 2218 608 2279 iure
633 2217 832 2279 diceremus.
858 2216 1015 2298 Denique
1039 2224 1150 2278 toturn
1175 2215 1256 2277 illud
1272 2215 1429 2280 Gnarum

236 2339 275 2400 id
293 2337 434 2402 Caesari
454 2357 520 2399 una
540 2337 640 2399 litura
660 2336 843 2399 delendum
865 2345 933 2399 est:
955 2337 989 2398 in
1011 2337 1161 2417 margine
1174 2337 1297 2399 sciolus
1310 2337 1432 2420 aliquis

236 2459 425 2539 adscripsit,
457 2459 515 2539 qui
548 2458 665 2520 deesse
697 2458 827 2539 aliquid
857 2457 967 2520 Taciti
1000 2457 1200 2533 narrationi,
1232 2478 1337 2539 quam
1362 2479 1430 2521 non

236 2571 459 2652 intellexerat,
485 2579 643 2660 opinatus
666 2587 717 2641 est
733 2577 765 2660 ¹).

282 2698 308 2771 1,
334 2699 385 2778 38.
412 2698 450 2760 In
476 2699 668 2760 narratione
681 2695 706 2780 ²)
731 2698 774 2760 de
798 2697 1083 2760 tumultuantibus
1107 2698 1140 2759 in
1161 2697 1307 2761 Chaucis
1328 2697 1431 2760 vexil-

236 2816 326 2879 lariis
350 2818 433 2880 haec
459 2818 617 2898 legimus:

276 3088 301 3151 1)
326 3088 399 3150 Quae
424 3089 546 3152 leguntur
570 3089 641 3153 apud
667 3089 832 3138 Plutarchum
855 3088 888 3137 de
913 3089 1070 3138 Garrulitate
1089 3105 1116 3154 p.
1137 3088 1187 3154 508
1206 3089 1286 3148 (facio
1304 3093 1375 3140 enim
1394 3094 1430 3142 ibi

237 3192 290 3224 non
309 3191 365 3224 esse
384 3176 524 3238 legendum
544 3176 616 3240 quod
635 3175 679 3224 dat
698 3175 871 3225 Bernardakis
889 3175 941 3225 vol.
963 3177 1001 3225 111
1018 3192 1044 3241 p.
1061 3175 1112 3238 316
1128 3173 1260 3240 Φούλβιος,
1274 3178 1322 3226 sed
1337 3179 1430 3237 Φάβιος

236 3279 295 3312 cum
319 3262 408 3311 codice
427 3261 477 3328 M.)
495 3278 549 3310 uon
569 3277 712 3325 congruere
732 3277 790 3310 cum
809 3270 897 3311 nostra
915 3245 1016 3311 Tacitei
1034 3263 1086 3312 loci
1105 3262 1287 3312 emendatione
1307 3271 1332 3313 et
1351 3265 1429 3312 iuter·

237 3349 383 3414 pretatione
407 3348 528 3397 lubenter
552 3348 680 3413 concedo,
698 3348 744 3396 sed
762 3348 870 3397 omuino
889 3347 1040 3397 Plutarchus
1059 3364 1112 3397 rem
1131 3348 1173 3398 hic
1192 3349 1271 3399 tradit
1289 3350 1429 3399 admodum

237 3435 364 3484 diversam
383 3436 416 3483 ab
435 3450 475 3498 ea,
494 3451 572 3498 quarn
592 3435 703 3497 legimus
719 3434 790 3499 apud
805 3434 933 3498 Tacitum,
949 3436 1004 3501 sive
1020 3435 1204 3499 proscribimus
1219 3436 1290 3485 istud
1307 3437 1428 3486 Gnarum

237 3523 267 3569 id
286 3522 400 3584 Caesari,
419 3522 520 3570 sivein
539 3528 613 3570 textu
633 3521 781 3570 retinemus.
802 3522 898 3570 Verum
916 3529 1048 3586 utcunque
1067 3537 1108 3571 res
1124 3537 1151 3571 se
1167 3537 1198 3571 ea
1212 3522 1301 3587 habet,
1317 3525 1429 3588 primum

238 3608 401 3657 efficiendum
426 3617 454 3656 ut
478 3609 584 3657 Tacitus
611 3607 680 3656 dicat
706 3607 807 3672 aliquid
833 3607 904 3671 quod
922 3609 990 3656 bene
1008 3608 1158 3658 cohaereat:
1178 3616 1232 3657 tum
1252 3609 1357 3658 demum
1376 3610 1431 3658 eius

238 3696 351 3744 narratio
377 3711 435 3743 cum
460 3695 569 3743 aliorum
596 3694 789 3744 narrationibus
808 3694 920 3743 conferri
939 3702 1034 3759 potest.
1061 3695 1134 3744 Idem
1152 3703 1178 3744 et
1196 3695 1260 3744 alibi
1280 3696 1430 3746 tenendum.

237 3782 289 3846 Sic,
315 3790 342 3830 ut
368 3782 417 3830 hoc
442 3788 509 3846 utar,
526 3782 549 3830 si
568 3782 627 3846 quis
647 3790 761 3830 nostram
780 3780 812 3830 ad
832 3782 868 3830 H.
884 3782 921 3829 IV
938 3796 960 3831 c.
976 3779 1009 3844 83
1026 3781 1235 3831 emendationem
1251 3780 1288 3846 (v.
1306 3798 1368 3846 pag.
1386 3780 1431 3848 38)

238 3869 357 3932 redargui
389 3867 529 3917 contendat
555 3868 587 3916 iis
612 3883 678 3932 quae
702 3867 822 3931 legantur
846 3866 917 3931 apud
941 3867 1107 3916 Plutarchum
1124 3869 1165 3917 De
1184 3867 1248 3918 Soll.
1269 3869 1358 3917 Anim.
1378 3868 1430 3917 vol.

237 3955 274 4003 Vl
295 3970 321 4018 p.
342 3966 384 4018 77,
404 3962 429 4002 et
449 3955 489 4002 De
509 3955 543 4003 ls.
562 3963 587 4002 et
607 3954 653 4002 Os.
672 3953 724 4002 vol.
744 3954 769 4002 ll
789 3969 816 4017 p.
832 3951 884 4016 498
900 3969 959 4017 sqq.
976 3952 1085 4020 (Herm),
1100 3954 1150 4002 hoc
1166 3955 1190 4002 ei
1208 3954 1430 4019 respondeamus:

238 4040 391 4089 Plutarchus
417 4040 493 4088 deum
520 4040 603 4105 illum,
628 4039 660 4088 de
686 4055 738 4105 quo
764 4041 858 4104 agitur,
882 4039 1034 4104 Serapidem
1059 4055 1114 4089 esse
1137 4040 1215 4106 dicit3
1240 4040 1290 4089 hoc
1317 4041 1340 4089 ei
1361 4041 1431 4106 licet,

237 4144 297 4176 nam
317 4137 390 4176 vetus
408 4127 471 4175 deus
488 4128 636 4191 Aegyptius
653 4137 678 4176 et
695 4127 849 4191 Sinopensis
866 4126 1016 4176 coaluerunt
1032 4127 1058 4175 in
1075 4141 1170 4193 unum3
1186 4127 1279 4176 Tacito
1294 4143 1348 4176 non
1366 4128 1430 4177 licet

236 4213 348 4262 eundern
368 4214 443 4261 deum
464 4220 489 4261 et
509 4228 565 4261 esse
581 4221 607 4261 et
624 4229 676 4261 non
694 4229 750 4262 esse
766 4213 918 4277 Serapidem
934 4213 1028 4275 dicere,
1043 4212 1116 4277 quod
1133 4220 1219 4262 tamen
1236 4212 1264 4262 tit
1279 4214 1307 4262 in
1324 4214 1431 4279 vulgata

236 4299 359 4349 lectione.
1148 4288 1149 4292 ¹

273 4384 302 4453 2)
321 4385 437 4449 Ceteras,
457 4385 552 4449 quibus
572 4393 740 4450 premeretur,
757 4385 923 4434 difficultates
942 4385 992 4434 iam
1011 4392 1088 4435 autea
1104 4385 1285 4436 indicavimus.
