3210 5274
678 411 740 478 ²93

118 576 280 656 ,militum
295 577 441 656 impetus
455 595 496 636 ne
511 575 636 637 loribus
650 577 788 657 quidem
804 576 921 638 Palatii
935 574 1123 639 coercitus”
1136 575 1192 656 (H.
1204 574 1229 648 l,
1240 574 1304 655 82).

114 696 283 777 Equidem
309 695 478 757 Plutarchi
508 716 643 758 manum
677 698 806 759 restitui
839 717 938 779 posse
969 696 1113 759 arbitror
1145 703 1306 777 exempta

112 815 365 897 praepositione
398 810 464 888 διά,
500 834 602 895 quam
638 824 697 878 aut
729 816 944 898 adscripserit
976 815 1096 896 aliquis
1127 814 1183 896 qui
1212 804 1305 875 'hunc

112 934 222 996 locum
248 954 315 995 non
341 933 556 1015 intelligeret,
577 944 635 997 aut
655 936 712 1017 qui
734 936 996 1018 praecedentem
1018 934 1305 1016 praepositionem

111 1050 197 1116 κκτεὶ
223 1053 388 1116 illustrare
413 1054 525 1129 vellet,
551 1065 608 1116 aut
632 1055 779 1136 denique
805 1054 857 1116 cui
878 1062 989 1115 totum
1010 1053 1090 1115 illud
1111 1052 1179 1114 καθ’
1198 1049 1304 1128 ἑτέρας

111 1172 202 1251 θύρας
239 1174 516 1236 emendationem
553 1176 722 1256 requirere
758 1174 947 1236 videretur:
988 1174 1079 1254 quod
1119 1173 1145 1234 si
1183 1172 1305 1247 voluit,

113 1295 272 1375 equidem
295 1293 514 1355 vehementer
536 1294 713 1356 consilium
734 1295 804 1356 eius
826 1294 944 1375 probo,
967 1313 1043 1354 nam
1067 1292 1147 1354 mihi
1168 1312 1305 1373 quoque

113 1413 271 1475 serendus
295 1434 361 1475 non
388 1415 521 1475 videtur
545 1412 681 1494 pluralis
706 1414 769 1475 iste
792 1413 893 1492 θύρεες.
920 1414 995 1476 Hoc
1021 1433 1101 1494 ergo
1122 1412 1203 1474 mihi
1225 1431 1305 1494 prae

114 1534 235 1595 ceteris
252 1532 432 1594 verisimile
451 1533 594 1607 videtur,
614 1534 818 1595 emendandi
833 1533 886 1595 hic
900 1533 1109 1614 deprehendi
1123 1552 1305 1606 conamen,

114 1626 188 1732 quo
205 1655 232 1714 si
258 1660 349 1713 recte
374 1653 422 1713 usi
448 1654 580 1726 erimus,
602 1654 831 1733 quodcunque
852 1653 942 1734 apud
963 1652 1120 1714 Tacitum
1142 1652 1306 1714 habemus

113 1771 215 1832 etiam
242 1771 443 1832 habebimus
467 1773 557 1853 apud
583 1770 799 1833 Plutarchum
820 1772 864 1852 (in
887 1769 1088 1832 Plutarcheo
1109 1772 1198 1833 enim
1219 1770 1305 1832 diov-

112 1890 209 1964 μένων
231 1888 273 1956 εἰς
294 1889 345 1951 τὸν
364 1889 500 1966 ἀνδρῶνι
515 1891 601 1951 inest
615 1890 793 1952 Taciteum
810 1891 1022 1970 „convivium
1037 1887 1305 1971 irrumperent”).

115 2010 163 2074 Ut
194 2017 308 2071 autem
342 2018 480 2091 possent
513 2009 636 2071 milites
667 2009 806 2071 dissolui
836 2009 877 2079 εἰς
901 2010 953 2071 τὸν
978 2008 1124 2085 dianoni,
1150 2009 1305 2070 nimirum

115 2128 204 2191 sores
237 2128 355 2191 Palatii
387 2129 518 2211 aperire
550 2129 602 2191 vel
635 2128 812 2211 effringere
835 2129 1018 2204 debebant,
1044 2130 1102 2192 sed
1129 2149 1196 2191 non
1221 2148 1306 2209 opus

116 2255 187 2309 erat
209 2247 272 2309 lroc
295 2249 429 2309 disertis
449 2248 562 2310 verbis
582 2268 858 2310 commemorare.
882 2248 1002 2330 Neque
1022 2248 1184 2311 credibile
1201 2247 1307 2327 „sores

119 2367 259 2430 Palatii’'
284 2367 440 2429 habuisse
465 2366 602 2448 aliquod
629 2387 753 2428 nomen
782 2366 1007 2449 „proprium”.

161 2486 255 2550 Otho
288 2486 320 2548 V
353 2486 499 2549 Othonis
530 2486 653 2548 milites
684 2484 802 2549 molles
833 2495 868 2549 et
897 2487 1032 2550 delicati
1058 2494 1163 2560 erant,
1188 2494 1306 2568 utpote

116 2607 187 2668 otio
219 2613 253 2667 et
285 2607 355 2666 vita
379 2606 507 2668 urbana
530 2606 697 2687 corrupti;
724 2602 809 2683 ὕβρει
835 2604 864 2668 δὲ
890 2604 942 2667 καὶ
969 2604 1078 2681 κόμπῳ
1103 2604 1306 2683 ἐπαμπέχειν

115 2724 279 2798 ἐβούλοντο
298 2726 390 2806 (sive,
409 2733 445 2787 ut
459 2725 531 2787 vult
545 2724 746 2787 Sintenisius
759 2726 869 2788 hiatus
882 2726 1011 2788 vitandi
1025 2746 1135 2800 causa,
1149 2747 1307 2802 τερεειμτ-

115 2843 218 2922 ἐχεινε
251 2852 327 2906 utut
352 2851 413 2917 est,
447 2844 619 2906 obiectum
652 2852 703 2906 est
734 2847 824 2905 τοῦτο
849 2844 986 2926 aliquod
1012 2846 1190 2907 omissum:
1215 2844 1306 2906 illam

115 2966 304 3026 animorum
338 2983 587 3045 corporumque
612 2964 854 3036 conditionem,
880 2985 998 3046 parum
1027 2974 1141 3045 aptam
1168 2964 1307 3027 militiae

115 3083 285 3165 belloque)
305 3082 570 3160 πρεσττοιήτκσθκι
592 3081 650 3151 τὰς
672 3081 869 3159 λειτουργίαις
889 3082 927 3152 ὡς
949 3081 1117 3158 κρείττονες
1138 3080 1307 3158 inegerit-

114 3226 178 3281 τες,
210 3203 271 3280 οὐχ
302 3203 339 3272 ὡς
372 3200 517 3265 diduxere
550 3201 664 3279 Φέρεεν.
698 3202 880 3284 Quomodo
913 3223 1000 3264 nunc
1030 3203 1091 3265 viri
1116 3204 1218 3276 docti,
1244 3205 1307 3265 ista

115 3324 277 3406 legentes,
300 3322 440 3384 verbum
462 3321 728 3398 προσποιήσασθαι
749 3321 917 3402 accipiant
938 3321 1063 3395 nesci0,
1082 3322 1140 3383 sed
1154 3323 1307 3402 suspicor

115 3466 173 3507 eos
194 3445 331 3506 credere
354 3442 457 3505 latine
478 3442 547 3504 sere
572 3443 632 3520 „ad
653 3462 689 3502 se
709 3441 889 3503 admittere
910 3440 930 3501 i.
944 3460 973 3501 e.
994 3439 1186 3521 suscipere*
1206 3441 1307 3522 signi·

115 3565 225 3638 ficare,
259 3565 291 3624 id
325 3564 416 3644 quod
441 3563 535 3624 salvo
558 3581 714 3623 sermone
739 3560 871 3624 Graeco
894 3581 938 3622 ex
961 3560 1018 3622 illo
1044 3560 1305 3641 haudquaquam

114 3691 228 3765 potest
260 3682 345 3744 elici.
379 3682 463 3744 Mihi
492 3689 542 3743 est
567 3679 856 3762 persuasissimum
881 3680 962 3742 nihil
985 3679 1076 3742 aliud
1101 3680 1188 3741 istud
1215 3701 1306 3757 τρεσ-

114 3801 302 3874 τειήσεεσθκε
325 3803 428 3882 (quod
451 3800 559 3862 ethic
580 3808 614 3860 et
634 3798 760 3879 ubique
781 3799 931 3861 locorum
952 3798 1118 3879 significat
1138 3799 1305 3875 simulare,

116 3942 226 4002 neque
258 3921 348 3983 aliud
382 3922 568 4001 quidquam
600 3917 789 3998 significare
822 3920 947 4000 potest)
980 3940 1051 3981 esse
1083 3940 1185 4000 quam
1211 3920 1304 3983 verbi

112 4037 316 4116 deserique
342 4039 406 4120 (vel
428 4035 671 4117 τερετιμτέχειν)
693 4037 1049 4117 interpretamentum:
1075 4040 1251 4121 „superbia
1271 4049 1306 4102 et

112 4161 296 4222 iactatione
322 4159 414 4239 (vitia
439 4158 509 4239 sua)
530 4157 692 4238 obtegere
713 4157 934 4230 conabantur,
955 4157 1105 4219 laborem
1126 4159 1305 4222 militarem

114 4287 310 4360 respuentes
342 4288 516 4357 tamquam
548 4276 585 4350 si,
619 4296 685 4336 non
718 4274 858 4337 serendo
890 4276 1045 4357 impares,
1078 4278 1136 4339 sed
1162 4280 1306 4340 maiores

113 4407 226 4461 essent
247 4401 361 4481 (quarn
383 4398 440 4479 qui
460 4417 519 4460 eos
539 4395 793 4478 susciperent)”.
812 4394 846 4458 A
866 4397 970 4459 verbo
989 4394 1141 4472 ἀπαξιοῦν
1156 4400 1305 4480 pendere
