3292 5280
784 376 846 438 218

268 565 295 630 5.
324 551 416 630 „Nec
440 551 636 614 Tacfarinas
660 574 809 634 pugnam
834 554 1072 617 detrectavit.”

264 672 294 734 6.
324 672 422 750 ,Fusi
448 672 651 736 Numidae.’'

265 791 386 852 Parum
408 812 489 873 ergo
508 801 589 874 apte
607 802 681 856 tota
702 802 753 855 est
772 795 937 878 disposita
959 795 1117 857 narratio.
1144 795 1244 871 Nam,
1265 804 1303 857 ut
1325 817 1414 858 nunc

220 931 272 974 res
305 931 341 972 se
373 911 487 986 habet,
514 913 546 975 id
572 914 664 993 quod
690 915 792 976 tertio
816 923 868 976 est
893 915 1041 996 positum
1066 914 1142 977 loco
1167 915 1233 997 (spe
1255 917 1417 978 victoriae

219 1032 347 1095 inducti
375 1044 453 1095 sunt
480 1044 517 1095 ut
538 1035 759 1113 vincerentur)
785 1034 875 1096 illam
901 1035 934 1097 in
959 1034 1063 1097 breve
1088 1035 1235 1116 spatium
1261 1054 1416 1117 compre-

220 1151 349 1225 hendit,
375 1152 428 1213 vel
453 1153 566 1233 potius
590 1154 672 1234 quid
700 1152 832 1232 „sabula
856 1153 1001 1217 doceat'’
1026 1174 1087 1216 nos
1111 1154 1285 1227 admonet,
1311 1163 1416 1236 atque

220 1279 256 1333 ut
269 1272 388 1353 quinta
402 1293 479 1354 pars
493 1271 573 1352 (Nec
590 1273 627 1334 Τ.
634 1285 786 1355 pugnam
799 1274 1003 1354 detrectavit)
1018 1273 1118 1356 plane
1132 1273 1190 1336 fiat
1203 1294 1416 1357 supervacua

219 1391 333 1452 efficit.
369 1390 460 1472 Quid
493 1411 574 1454 vero
605 1393 632 1454 si
664 1391 745 1454 illud
775 1405 832 1475 spe
854 1393 1014 1456 victoriae
1034 1393 1161 1456 inducti
1182 1405 1259 1456 sunt
1282 1405 1320 1456 ut
1342 1396 1414 1456 vin·

219 1522 373 1573 cerentur
397 1509 569 1574 eiicimus?
600 1510 734 1585 Omnia,
759 1520 796 1574 ut
820 1513 951 1594 opinor,
977 1511 1060 1574 fiunt
1086 1513 1352 1595 expeditissima,
1379 1522 1415 1575 et

221 1629 471 1710 elegantissime
496 1632 689 1693 decurrunt.
715 1631 760 1693 Et
784 1651 990 1714 quamquam
1014 1632 1095 1694 satis
1119 1641 1261 1694 venuste
1282 1632 1414 1695 dictum

219 1749 254 1811 id
274 1758 324 1811 est
343 1750 435 1831 quod
455 1769 516 1812 nos
536 1750 786 1832 proscribimus,
801 1752 958 1832 putidum
972 1760 1086 1814 tamen
1099 1753 1187 1834 sapit
1201 1754 1414 1833 magistrum.

266 1868 309 1931 A.
336 1869 396 1930 VI.
424 1888 453 1949 3.
482 1870 635 1948 „Iunium
656 1869 857 1945 Gallionem,
878 1872 1143 1952 qui-censuerat,
1158 1879 1195 1932 nt
1207 1872 1416 1953 praetoriani

218 1989 303 2050 actis
334 1989 512 2070 stipendiis
545 1991 594 2051 ius
625 1991 857 2073 apiscerentur
880 1992 913 2053 in
939 1991 1212 2073 quattuordecim
1238 1992 1417 2055 ordinibus

217 2109 371 2182 sedendi,
396 2109 563 2172 violenter
587 2111 754 2192 increpuit
779 2110 969 2192 (Tiberius),
994 2112 1087 2174 velut
1111 2131 1226 2173 coram
1252 2113 1415 2193 rogitans,

218 2228 299 2309 quid
331 2228 376 2289 illi
401 2249 478 2290 cum
504 2230 676 2304 militibus,
701 2251 786 2311 quos
811 2251 920 2313 neque
946 2231 1037 2294 dicta
1061 2231 1275 2313 imperatoris
1302 2252 1414 2314 neque

219 2348 369 2429 praemia
394 2348 456 2409 nisi
481 2348 524 2410 ab
550 2349 754 2430 imperatore
778 2350 933 2432 accipere
958 2370 1019 2431 par
1041 2348 1163 2411 esset.”

263 2464 318 2528 Sic
340 2476 390 2528 est
404 2467 438 2529 in
452 2469 586 2544 codice;
604 2469 738 2550 Lipsius
750 2470 964 2552 imperatoris
976 2468 1085 2543 delet;
1101 2469 1181 2531 mihi
1195 2470 1412 2533 verisimilius

218 2586 352 2649 videtur
372 2586 529 2651 Tacitum
551 2590 739 2671 scripsisse:
766 2610 869 2671 ,quos
890 2610 1000 2671 neque
1022 2590 1113 2652 dicta
1133 2609 1245 2671 neque
1259 2592 1411 2672 praemia

217 2706 280 2768 nisi
293 2707 506 2787 imperatoris
518 2709 672 2790 accipere
686 2729 747 2790 par
759 2708 879 2782 esset”,
895 2710 986 2790 quod
1001 2709 1133 2771 eumad
1149 2708 1411 2791 intelligendum

216 2827 318 2908 paulo
343 2827 514 2890 videretur
538 2829 705 2890 difficilius
730 2830 763 2891 in
789 2830 939 2910 margine
963 2838 1165 2892 annotatum
1189 2849 1263 2891 esse
1289 2829 1330 2892 ab
1350 2831 1410 2892 im-

209 2957 368 3027 peratore
387 2948 429 3009 ad
450 2956 653 3011 structuram
675 2950 781 3030 magis
801 2957 998 3011 consuetam
1012 2949 1247 3023 indicandam,
1262 2969 1409 3030 cumque

214 3067 319 3128 semel
350 3088 389 3129 ea
414 3068 591 3130 annotatio
616 3077 693 3149 post
718 3069 784 3131 nisi
807 3069 840 3129 in
864 3076 962 3130 textu
987 3076 1075 3130 esset
1099 3069 1220 3151 posita,
1246 3089 1309 3131 suo
1332 3069 1409 3131 loco

216 3186 349 3268 pulsum
381 3189 595 3269 inperatoris
627 3189 659 3249 in
693 3188 839 3250 alienum
871 3188 1055 3251 aberrasse.
1088 3187 1164 3251 Hoc
1196 3197 1328 3250 certum
1357 3196 1409 3250 est

217 3326 284 3367 non
317 3326 415 3387 posse
448 3308 557 3368 sanari
590 3306 701 3369 locum
728 3307 789 3368 nisi
816 3327 883 3369 uno
908 3307 1102 3389 pluribusve
1128 3307 1302 3370 vocabulis
1327 3307 1409 3369 reci-

216 3426 354 3488 dendis:
381 3428 507 3488 nemini
531 3428 622 3488 enim
647 3426 784 3509 probari
808 3427 930 3508 opinor
953 3427 1007 3489 vel
1029 3427 1323 3509 Nipperdeianum
1345 3427 1412 3488 nisi

215 3567 232 3607 e
249 3548 433 3628 praetorio,
459 3545 511 3609 vel
538 3547 764 3609 Ritterianum
789 3548 938 3629 imperiti
959 3549 1116 3610 oratoris.

260 3667 317 3728 Ad
342 3666 484 3729 alterum
511 3687 599 3729 nunc
625 3667 779 3728 codicem
805 3666 999 3728 Mediceum
1023 3674 1243 3728 transeamus.

260 3787 303 3849 A.
338 3787 397 3860 Xl,
429 3805 460 3865 4.
494 3784 570 3867 Quo
596 3787 734 3847 crimine
759 3784 909 3859 fratrum,
934 3784 1056 3866 quibus
1082 3785 1180 3848 Petra
1203 3804 1407 3866 cognomen,

214 3909 299 3972 alter
324 3908 460 3988 perierit
486 3907 537 3968 his
561 3906 673 3968 verbis
696 3905 858 3968 traditur:

263 4029 478 4106 „Nocturnae
520 4027 643 4107 quietis
683 4027 813 4108 species
855 4026 1008 4101 obiecta,
1044 4034 1225 4106 ,tamquam
1267 4026 1410 4088 vidisset

215 4149 392 4213 Claudium
432 4148 546 4229 spicea
581 4167 706 4208 corona
742 4147 915 4208 evinctum
951 4146 1055 4228 spicis
1089 4154 1180 4208 retro
1216 4148 1408 4221 conversis,

216 4289 324 4349 eaque
348 4269 493 4349 imagine
518 4268 720 4348 gravitatem
746 4287 901 4329 annonae
926 4265 1101 4328 dixisset.”

260 4387 315 4451 Sic
347 4398 398 4450 cst
430 4389 463 4449 in
497 4388 625 4449 codice.
658 4388 722 4448 Pro
749 4387 889 4449 dixisset
911 4394 1026 4448 autem
1050 4385 1235 4448 Rhenanus
1259 4388 1409 4450 coniecit
