3210 5274
773 349 817 412 80

198 524 313 588 Civilis
345 526 438 589 rabie
469 534 577 588 semet
609 526 642 588 in
675 546 769 588 arma
796 534 907 590 trusos
916 553 924 601 ;
954 526 1048 588 illum
1076 526 1275 589 domesticis
1296 526 1376 589 malis

198 646 369 708 excidium
393 647 505 727 gentis
528 644 760 727 opposuisse”.

243 763 278 828 Si
308 773 400 828 recte
431 766 499 827 vim
530 764 623 827 verbi
652 766 837 847 opposuisse
865 764 1027 847 intelligo,
1052 764 1119 828 hoc
1143 763 1242 829 Civili
1267 766 1378 827 vitioa

199 885 395 967 proceribus
418 886 527 958 datur,
552 884 644 966 quod
670 886 823 968 proprias
846 886 982 948 iniurias
1005 885 1070 947 sibi
1094 885 1206 948 illatas
1231 907 1250 948 a
1270 887 1377 948 Roma·

200 1007 259 1078 nis,
291 1013 326 1066 et
355 1005 459 1066 totius
488 1005 600 1084 gentis
625 1004 831 1067 Batavorum
855 1004 1025 1067 excidium
1050 1014 1228 1087 tamquam
1254 1007 1287 1068 in
1309 1005 1381 1068 libra

200 1125 360 1207 posuerit,
387 1124 420 1185 in
446 1123 552 1186 altera
576 1125 720 1186 alterum
744 1124 851 1198 lance,
875 1124 1036 1206 quodque
1060 1133 1143 1186 tunc
1168 1123 1214 1186 illi
1241 1123 1383 1207 propriae

200 1246 340 1308 iniuriae
375 1243 467 1306 idem
502 1243 628 1307 habere
665 1253 876 1305 momentum
913 1243 1004 1306 visae
1039 1243 1117 1317 sint,
1154 1243 1249 1325 quod
1282 1242 1383 1326 populi

199 1367 305 1428 totius
329 1365 511 1446 pernicies;
536 1373 571 1425 et
596 1383 685 1425 nunc
708 1383 786 1425 eum
809 1382 907 1425 suum
931 1362 1084 1426 dolorem
1108 1361 1203 1426 illum
1226 1361 1385 1425 communi

200 1485 352 1547 omnium
377 1483 512 1546 excidio
536 1502 758 1565 compensare
782 1482 940 1546 clamant.

245 1604 288 1666 A.
310 1604 335 1678 1,
360 1619 409 1686 17.
431 1602 647 1682 (Pescennius
668 1602 879 1664 Pannonicas
899 1601 1049 1682 legiones
1067 1603 1115 1664 ita
1131 1602 1176 1664 ad
1190 1603 1387 1666 discordiam

200 1723 344 1805 impellit
365 1732 402 1785 ut
422 1724 541 1785 duram
561 1729 689 1784 sortem
709 1721 971 1802 legionariorum
984 1741 1061 1784 cum
1075 1720 1164 1784 facili
1177 1731 1390 1802 quaestuosa·

200 1862 265 1923 que
291 1843 581 1925 praetorianorum
605 1839 758 1904 conferat
781 1841 910 1915 militia,
934 1841 1125 1923 additquel:

249 1983 336 2042 „non
368 1961 551 2024 obtrectari
583 1982 601 2024 a
632 1982 669 2024 se
699 1961 844 2024 urbanas
873 1961 1050 2038 excubias:
1075 1961 1139 2024 sibi
1164 1970 1283 2025 tamen
1306 1961 1392 2043 apud

201 2082 355 2144 horridas
378 2091 498 2163 gentes
521 2102 540 2143 e
563 2081 796 2144 contuberniis
819 2081 952 2144 hostem
976 2079 1115 2162 aspici’'.

247 2202 417 2283 Lepidum
442 2209 690 2282 venustumque
715 2200 769 2262 hic
794 2200 960 2282 particula
983 2211 1091 2264 tamen
1111 2199 1217 2262 habet
1237 2202 1395 2275 colorem,

202 2322 404 2402 egregieque
437 2319 538 2383 refert
568 2321 603 2382 τὸ
636 2313 702 2390 ἦθος
735 2329 769 2383 et
801 2320 872 2382 eius
898 2321 956 2402 qui
981 2320 1130 2402 loquitur
1154 2327 1332 2382 eteorum
1356 2319 1397 2381 ad

202 2460 287 2520 quos
311 2441 420 2502 oratio
444 2440 598 2514 habetur,
624 2439 683 2501 sed
709 2440 771 2502 nisi
796 2438 931 2521 egregie
956 2437 1062 2512 fallor,
1083 2438 1252 2500 rarissime
1273 2440 1322 2500 sic
1342 2458 1399 2521 po·

201 2559 306 2633 nitur;
334 2559 415 2620 mihi
439 2568 531 2620 certe
555 2558 646 2621 aliud
671 2558 866 2640 exemplum
890 2578 979 2621 nunc
1005 2558 1038 2620 in
1063 2565 1225 2640 promptu
1247 2566 1397 2621 nonest.

201 2677 256 2740 Sic
279 2679 370 2740 enim
395 2680 614 2759 conqueritur
640 2679 860 2741 Pescennius:
889 2698 977 2758 „non
997 2677 1154 2740 obtrecto
1174 2677 1324 2742 urbanas
1342 2699 1399 2741 ex-

202 2796 328 2877 cubias,
353 2817 432 2859 suus
455 2797 519 2859 illis
539 2806 606 2860 stet
626 2796 735 2860 honor
828 2796 888 2859 sed
908 2815 1112 2878 quocunque
1131 2796 1275 2859 tandem
1297 2798 1398 2861 modo

204 2916 247 2977 de
278 2917 351 2978 aliis
383 2917 491 2998 copiis
521 2917 648 2979 iudicat
676 2916 807 2998 aliquis,
834 2936 906 2990 nos,
931 2916 1046 2997 negari
1071 2913 1152 2978 illud
1178 2936 1246 2978 non
1274 2926 1398 2999 potest,

203 3056 338 3118 semper
362 3038 394 3098 in
421 3038 540 3099 mediis
564 3057 737 3099 versamur
761 3035 949 3118 periculis”.
971 3035 1075 3117 (Belg.
1095 3035 1162 3098 dan
1183 3035 1255 3099 toclt
1277 3037 1398 3118 maor).

249 3154 340 3216 Ann.
374 3156 434 3230 III,
473 3174 498 3217 1.
534 3156 738 3237 ,Postquam
768 3155 985 3237 (Agrippina)
1015 3154 1148 3217 duobus
1171 3173 1250 3216 cum
1276 3154 1397 3229 liberis,

204 3272 341 3335 feralem
370 3293 489 3335 urnam
518 3273 618 3354 (quae
648 3272 839 3336 Germanici
865 3273 1064 3336 continebat
1087 3272 1241 3355 cineres),
1266 3293 1395 3356 egressa

204 3393 281 3453 navi
306 3392 425 3453 defixit
449 3392 574 3466 oculos,
599 3392 689 3454 idem
710 3393 862 3454 omnium
882 3393 1037 3474 gemitus,
1060 3411 1170 3473 neque
1191 3393 1394 3456 discerneres

204 3511 378 3590 proximos
402 3511 539 3585 alienos,
565 3512 713 3573 virorum
739 3510 1008 3592 feminarumque
1032 3510 1190 3593 planctus
1216 3510 1294 3573 ...”

249 3629 424 3692 Hactenus
441 3631 556 3692 omnia
575 3631 769 3712 planissima
787 3638 879 3693 sunt:
900 3631 1046 3712 proximi
1064 3630 1147 3693 alias
1163 3631 1273 3712 magis
1285 3631 1391 3713 lugere

205 3758 374 3810 mortuum
403 3750 514 3811 solent
544 3769 645 3829 quam
674 3749 785 3823 alieni,
810 3758 845 3811 et
869 3749 1030 3831 plangere
1055 3749 1195 3812 omnino
1220 3750 1390 3812 mulierurr

204 3868 311 3948 magis
342 3877 393 3930 est
425 3889 527 3949 quam
560 3870 718 3930 virorum.
751 3866 819 3931 Sed
851 3889 939 3932 nunc
969 3869 1090 3952 insigni
1121 3868 1291 3932 brevitate
1317 3869 1388 3933 haer

203 3987 391 4048 adduntur:

253 4107 333 4184 „nisi
365 4107 456 4187 quod
489 4108 689 4170 comitatum
720 4106 932 4191 Agrippinae
964 4109 1067 4191 longo
1094 4129 1247 4173 maerore
1272 4107 1386 4172 fessurr

205 4226 297 4287 obvii
322 4235 357 4287 et
382 4235 535 4289 recentes
559 4228 592 4289 in
617 4227 736 4289 dolore
759 4228 969 4292 anteibant'’.

250 4342 381 4421 Quibus
417 4365 483 4406 non
520 4347 743 4427 respiciuntur
778 4349 934 4428 proxime
966 4348 1208 4431 praecedentia
1237 4349 1383 4430 (virorun
