3292 5280
793 392 852 458 215

278 556 450 636 ,Duorum
476 554 619 616 militum
645 553 810 636 supplicio
836 553 973 635 paulum
998 553 1139 635 repressi
1163 563 1250 615 sunt.
1276 553 1421 617 Iusserat

228 677 262 738 id
284 675 332 738 M’
349 675 490 749 Ennius,
503 683 689 737 castrorum
704 672 905 756 praefectus,
920 673 1011 734 bono
1025 673 1131 753 magis
1144 673 1302 755 exemplo
1315 694 1417 755 quam

225 815 388 857 concesso
401 794 481 856 iure.
498 793 630 856 Deinde
644 795 890 855 intumescente
905 800 1000 854 motu
1014 791 1174 874 profugus
1188 801 1419 875 repertusque,

225 925 406 1000 postquam
428 916 558 977 intutae
577 914 739 987 latebrae,
763 914 967 995 praesidium
987 913 1031 975 ab
1052 914 1194 976 audacia
1215 913 1420 977 mutuatur.”

272 1035 421 1097 Dubium
446 1054 610 1097 essenon
637 1042 761 1115 potest,
786 1034 866 1115 quin
893 1031 974 1095 illud
1000 1045 1212 1116 repertusque
1236 1034 1419 1096 delendum

225 1155 279 1217 sit.
301 1155 450 1217 Primum
463 1155 553 1216 enim
572 1162 771 1236 ,postquam
786 1154 914 1215 intutae
929 1153 1101 1216 latebrae”
1116 1152 1197 1216 nihil
1214 1154 1304 1216 aliud
1318 1155 1418 1235 signi·

229 1274 307 1337 ficat
335 1294 438 1356 quam
467 1274 548 1336 hoc:
581 1282 782 1355 „postquam
807 1293 842 1334 se
867 1293 943 1359 marg
964 1284 1131 1355 repertum
1152 1274 1201 1336 iri
1219 1273 1420 1349 intellexit,”

228 1395 437 1477 ineptissime
450 1414 532 1476 ergo
545 1405 757 1475 repertusque
769 1393 1007 1475 praemittitur.
1030 1394 1163 1456 Deinde
1177 1394 1256 1467 dux,
1270 1395 1304 1456 in
1317 1415 1420 1477 quem

231 1515 373 1577 militum
398 1516 446 1576 ira
470 1515 605 1588 exarsit,
630 1515 656 1575 si
680 1513 784 1575 semel
808 1523 859 1575 est
883 1525 1035 1595 repertus
1060 1514 1091 1594 (i.
1117 1535 1146 1576 e.
1172 1535 1189 1575 e
1214 1514 1360 1590 latebris,
1386 1517 1419 1578 in

229 1654 312 1717 quas
344 1633 505 1716 confugit,
538 1634 751 1715 protractus),
783 1653 802 1694 a
827 1632 989 1694 militibus
1013 1641 1070 1694 aut
1094 1634 1209 1695 statim
1234 1635 1421 1696 trucidatur

227 1764 286 1817 aut
319 1754 474 1827 vincitur,
506 1762 564 1815 aut
596 1754 743 1834 denique
774 1752 821 1813 ita
853 1752 1016 1813 retinetur
1049 1753 1358 1835 constringiturque
1383 1762 1419 1815 ut

227 1894 445 1938 commovere
474 1894 509 1936 se
534 1894 602 1935 non
627 1874 743 1955 possit.
781 1872 829 1935 At
854 1872 984 1935 Ennius
1010 1873 1208 1952 „exterritis
1233 1873 1291 1955 qui
1316 1874 1420 1936 obsti·

226 2004 347 2068 terant,
374 2002 507 2075 raptum
533 1993 693 2055 vexillum
718 1993 760 2055 ad
787 1993 893 2075 ripam
920 1992 1061 2067 vertit;”
1087 2013 1205 2055 manus
1226 2014 1307 2075 ergo
1328 2003 1419 2057 certe

227 2115 376 2178 habebat
396 2114 536 2175 liberas:
557 2122 679 2195 sponte
700 2133 718 2175 e
739 2112 877 2174 latebris
890 2113 957 2174 suis
971 2112 1172 2195 provolavit,
1187 2133 1228 2175 ne
1242 2122 1417 2195 tamquam

228 2235 383 2317 captivus
406 2254 426 2296 a
451 2233 613 2296 militibus
638 2233 716 2294 inde
741 2232 1004 2313 protraheretur.

272 2354 316 2416 A.
350 2354 375 2428 Ι,
407 2368 457 2434 55.
484 2353 665 2434 Postquam
692 2352 839 2414 narravit
863 2371 965 2433 quam
990 2351 1077 2412 bene
1101 2350 1247 2413 Arminii
1273 2352 1419 2414 consiliis

228 2473 414 2555 prodendis
446 2472 585 2534 meritus
617 2479 718 2532 antea
749 2489 851 2551 saepe
879 2471 921 2532 de
954 2470 1082 2553 populo
1115 2471 1272 2533 Romano
1304 2470 1419 2534 suisset

229 2590 399 2674 Segestes,
423 2592 470 2654 sic
495 2591 634 2653 Tacitus
658 2591 785 2673 pergit:

276 2711 462 2794 ,Segestes
493 2730 700 2793 quamquam
732 2730 897 2772 consensu
929 2710 1040 2792 gentis
1073 2711 1105 2772 in
1130 2709 1255 2773 bellum
1281 2719 1419 2787 tractus,

227 2832 355 2895 discors
379 2831 556 2912 manebat3
581 2831 689 2893 auctis
713 2831 871 2912 privatim
896 2830 993 2904 odiis,
1013 2831 1106 2911 quod
1127 2830 1302 2893 Arminius
1315 2830 1418 2894 filiam

228 2953 299 3014 eius
312 2952 366 3014 alii
381 2960 515 3033 pactam
529 2959 696 3033 rapuerat.
723 2949 830 3013 Gener
842 2951 978 3024 invisus,
992 2951 1119 3012 inimici
1128 2952 1233 3013 soceri
1241 2977 1248 3025 ;
1263 2971 1418 3033 quaeque

228 3073 319 3155 apud
351 3072 538 3134 concordes
569 3070 703 3132 vincula
733 3070 893 3144 caritatis,
918 3070 1139 3132 incitamenta
1162 3071 1302 3132 irrarum
1326 3071 1417 3152 apud

228 3190 376 3253 infensos
399 3189 528 3253 erant.”

275 3309 330 3374 Sic
362 3319 413 3372 est
440 3310 474 3372 in
498 3311 634 3372 codice:
659 3310 794 3382 inimici,
819 3311 910 3391 quod
935 3317 1073 3371 tuentur
1096 3308 1162 3378 alii.
1188 3310 1268 3371 dum
1293 3311 1420 3373 inimici

227 3406 333 3492 soleri
351 3439 409 3492 aut
429 3429 598 3511 genitivos
617 3428 794 3510 singularis
814 3436 872 3490 aut
893 3428 1120 3490 nominativos
1139 3428 1275 3511 pluralis
1289 3430 1416 3492 numeri

229 3570 301 3612 esse
333 3557 495 3623 statuunt,
530 3548 757 3630 Nipperdeius
789 3548 941 3609 inimicus
971 3547 1116 3609 coniecit
1148 3556 1182 3609 et
1207 3546 1418 3610 confidenter

229 3669 342 3751 posuit
373 3669 406 3730 in
439 3677 546 3730 textu.
583 3666 650 3731 Sed
684 3667 754 3728 sive
786 3665 875 3728 hunc
902 3667 1085 3747 sequimur,
1109 3667 1179 3727 sive
1204 3664 1287 3740 illos,
1313 3666 1417 3729 haud·

228 3807 398 3871 quaquam
420 3786 649 3868 intelligimus,
671 3803 832 3867 quorsum
845 3782 926 3846 illud
940 3785 1109 3865 pertineat
1121 3786 1266 3846 eandem
1279 3785 1333 3847 hic
1346 3806 1416 3847 rem

227 3918 401 3990 tamquam
426 3906 567 3969 diversis
591 3925 609 3967 e
634 3905 716 3967 locis
740 3904 964 3966 considerare.
991 3903 1126 3966 Etenim
1152 3905 1209 3967 ubi
1230 3906 1273 3967 de
1292 3925 1417 3987 genero

226 4027 384 4110 legimus,
417 4027 521 4089 etiam
552 4045 629 4087 cum
662 4044 780 4086 socero
811 4022 863 4085 vel
896 4043 993 4086 socru
1026 4025 1097 4085 eius
1128 4045 1199 4085 rem
1224 4024 1321 4086 nobis
1345 4044 1417 4086 esse

226 4149 342 4210 statim
374 4146 606 4229 perspicimus,
638 4151 682 4217 et,
717 4143 772 4205 ubi
806 4163 909 4224 gener
941 4151 992 4205 est
1025 4143 1161 4218 invisus,
1194 4163 1290 4205 socer
1322 4163 1417 4206 carus

227 4275 455 4349 acceptusque
486 4285 559 4327 esse
585 4264 712 4345 nequit.
750 4261 808 4326 Sin
834 4283 852 4325 e
878 4271 975 4325 textu
999 4263 1165 4325 vocabula
1187 4263 1242 4325 illa
1267 4264 1417 4326 eiicimus

228 4387 341 4450 omnia
378 4385 554 4470 perspicua
590 4382 674 4446 frunt
710 4391 813 4464 atque
849 4391 1000 4444 venusta.
1053 4380 1236 4465 Quomodo
1271 4383 1417 4467 irrepere
