3292 5280
218 388 237 425 ο
795 384 860 431 210

226 548 346 628 aliquis
358 547 478 610 recitet
492 548 569 609 ista:
584 568 818 630 ,nequaquam
832 545 904 629 pari
918 546 1112 608 innocentia
1125 554 1203 627 post
1216 544 1421 609 Cremonam

227 665 389 747 agebat'':
414 667 529 729 statim
555 668 673 731 vitium
698 668 832 730 sentiet.

272 786 315 848 H.
352 786 411 861 111,
449 803 501 869 73.
546 785 751 869 Capitolium
787 786 1064 868 aggredientibus
1101 785 1302 860 Vitellianis,
1339 787 1420 849 dum

227 904 372 968 Sabinus
396 906 477 986 quid
503 907 536 968 in
561 915 657 969 tanto
681 927 792 969 rerum
818 906 1011 967 discrimine
1035 913 1114 985 agat
1139 905 1261 967 dubius
1285 905 1421 968 haeret:

230 1026 446 1106 „inrumpunt
471 1024 646 1087 Vitelliani
671 1035 706 1088 et
730 1034 853 1088 cuncta
876 1024 964 1087 lerro
989 1023 1194 1105 flammaque
1218 1024 1397 1086 miscent.”

273 1144 324 1205 De
357 1144 431 1224 ipso
461 1142 630 1225 Capitolio
660 1165 771 1207 sermo
795 1144 849 1206 hic
874 1153 935 1218 est,
961 1144 1003 1206 de
1027 1142 1231 1217 hominibus,
1256 1145 1314 1225 qui
1339 1154 1423 1208 tunc

226 1263 327 1325 occisi
352 1271 440 1337 sunt,
464 1264 498 1324 in
522 1264 742 1343 sequentibus
766 1265 886 1346 agitur.
911 1262 1073 1327 Contudit
1096 1283 1177 1344 ergo
1201 1264 1423 1345 corrupitque

227 1383 351 1455 omnia,
384 1383 441 1462 qui
474 1382 613 1444 inseruit
642 1385 813 1466 sanguine.
846 1383 923 1445 Non
956 1383 1046 1445 enim
1078 1382 1277 1465 languidum
1310 1383 1422 1447 solum

226 1510 278 1563 est
308 1502 469 1583 sanguine
492 1503 596 1584 ferro
618 1503 835 1587 flammaque,
868 1504 939 1579 sed,
973 1503 1036 1566 nisi
1070 1522 1124 1565 me
1149 1502 1269 1566 fallunt
1293 1504 1422 1578 omnia,

227 1642 269 1683 ne
295 1620 455 1682 Latinum
481 1621 630 1702 quidem.

273 1741 322 1803 lb.
359 1741 628 1822 irrumpentibus
664 1742 697 1804 in
734 1742 939 1824 Capitolium
977 1741 1179 1815 Vitellianis,
1216 1742 1327 1805 Flavii
1364 1742 1424 1807 Sa-

227 1860 297 1922 bini
322 1849 445 1922 milites
469 1861 570 1922 variis
593 1861 721 1923 artibus
745 1862 899 1942 dolisque
923 1862 1067 1924 salutem
1090 1861 1350 1942 quaesiverunt:

275 1978 395 2059 „suere¹
428 1980 485 2061 qui
517 1990 664 2062 excepto
697 1980 959 2059 Vitellianorum
990 1982 1088 2063 signo
1119 1981 1207 2045 ultro
1233 1983 1425 2063 rogitantes

228 2099 404 2162 audaciam
430 2120 491 2180 pro
515 2098 646 2162 latebra
670 2100 869 2163 haberent.”

273 2219 470 2282 Planissima
493 2219 594 2296 haec;
620 2241 720 2283 nemo
743 2222 833 2284 enim
853 2221 906 2284 vel
924 2223 1140 2285 mediocriter
1157 2223 1281 2285 Latine
1299 2224 1424 2285 doctus

230 2341 358 2420 dequo
377 2338 431 2401 hic
450 2341 544 2422 signo
562 2341 605 2401 sit
622 2360 733 2402 sermo
752 2341 934 2403 dubitabit.
953 2341 1084 2404 Tamen
1105 2341 1317 2424 Nipperdeio
1336 2364 1424 2424 opus

229 2459 299 2533 luit,
326 2460 382 2540 qui
405 2460 532 2540 primus
552 2460 713 2523 insulsum
734 2461 869 2524 tolleret
890 2463 1230 2543 interpretamentum
1251 2484 1314 2544 quo
1335 2464 1424 2526 inter

228 2601 261 2641 se
279 2579 501 2653 noscebantur,
520 2580 612 2660 quod
632 2580 675 2642 ad
689 2579 776 2642 illius
789 2601 894 2661 usque
909 2590 1057 2644 aetatem
1071 2582 1146 2643 voci
1160 2581 1205 2643 illi
1219 2582 1422 2645 adiunctum

229 2697 299 2761 luit.
327 2697 371 2760 Et
390 2718 432 2760 ne
451 2697 516 2760 hoc
533 2699 672 2779 quidem
691 2699 927 2762 additamento
945 2708 1126 2762 contentus
1139 2700 1200 2762 suit
1214 2701 1349 2775 sciolus,
1361 2703 1422 2765 sed

229 2826 404 2898 praeterea
428 2818 607 2899 adscripsit
631 2818 768 2899 aliquid,
793 2820 896 2899 quod,
921 2820 1003 2881 item
1023 2821 1056 2882 in
1078 2828 1210 2882 textum
1232 2829 1420 2902 receptum,

230 2938 391 2999 maiorem
422 2937 524 2999 etiam
555 2937 585 2999 ei
616 2937 729 2999 labem
758 2937 889 3000 attulit:
922 2937 1076 3001 Flaviani
1105 2937 1151 3000 illi
1181 2938 1317 3014 milites,
1343 2960 1421 3002 cum

227 3057 332 3119 semel
362 3056 623 3119 Vitellianorum
647 3058 780 3138 signum
805 3059 1036 3139 excepissent,
1061 3059 1087 3119 si
1113 3059 1147 3120 in
1171 3058 1337 3133 hostium,
1362 3061 1419 3140 qui

229 3177 295 3237 iam
309 3184 590 3257 expugnaverant
599 3176 815 3259 Capitolium,
826 3177 1016 3239 inciderent
1029 3176 1187 3258 aliquem,
1198 3198 1266 3239 non
1280 3199 1420 3260 exspec-

226 3294 346 3356 tabant
366 3297 476 3357 donec
495 3297 538 3358 ab
557 3296 620 3359 illis
638 3298 771 3377 signum
790 3306 1004 3379 rogarentur,
1024 3298 1084 3360 sed
1103 3298 1193 3361 ultro
1211 3298 1418 3381 rogitabant:

225 3424 490 3476 consentaneum
516 3415 596 3477 illud
623 3423 674 3478 est
694 3424 728 3478 et
750 3416 848 3478 unice
868 3417 901 3478 in
921 3416 1010 3479 hunc
1028 3436 1142 3479 casum
1161 3419 1334 3479 convenit.
1371 3418 1420 3480 At

223 3532 462 3594 absurdissime
475 3533 508 3594 in
523 3535 641 3596 codice
654 3534 790 3616 legitur:
805 3535 912 3614 „ultro
926 3536 1112 3617 rogitantes
1121 3537 1419 3619 respondentesve.”

224 3651 308 3715 Cum
342 3653 558 3734 respondendi
588 3654 677 3715 enim
710 3655 816 3716 verbo
850 3654 941 3717 nullo
974 3657 1076 3718 modo
1104 3656 1306 3719 adverbium
1331 3657 1420 3720 ultro

223 3772 382 3852 coniungi
403 3780 527 3852 potest,
549 3781 583 3834 et
604 3773 707 3852 quod,
730 3782 891 3836 tesseram
914 3775 1033 3856 rogati,
1054 3776 1249 3857 respondent
1267 3777 1300 3838 in
1323 3798 1364 3840 ea
1384 3799 1418 3840 re

222 3891 383 3953 audaciae
405 3891 486 3953 nihil
512 3900 573 3954 est.

269 4009 311 4071 H.
346 4011 405 4085 Ill,
437 4012 488 4092 83.
519 4011 686 4074 Proelium
712 4012 799 4075 inter
823 4012 1005 4076 Flavianos
1031 4013 1302 4096 Vitellianosque
1327 4036 1419 4079 com·

224 4130 369 4192 mittitur
392 4131 426 4192 in
451 4150 573 4212 campo
599 4131 740 4194 Martio:

272 4248 423 4327 „Aderat
455 4252 684 4331 pugnantibus
714 4261 887 4334 spectator
920 4251 1075 4334 populuS,
1101 4262 1204 4335 utque
1229 4255 1262 4317 in
1287 4254 1418 4317 ludicro

223 4369 418 4443 certamine,
437 4370 508 4444 hos,
527 4391 639 4434 rursus
656 4372 741 4447 illos,
760 4373 907 4435 clamore
920 4383 955 4435 et
968 4372 1086 4455 plausu
1100 4372 1249 4437 fovebat.
1275 4373 1419 4456 Quoties
