3210 5274
771 374 832 438 134

199 538 428 620 depingenda,
450 539 507 620 qui
531 558 662 601 morum
683 539 851 620 pravitate
871 540 1045 622 animique
1063 540 1155 602 vitiis
1170 541 1383 603 innotuerunt.

199 657 244 719 Et
277 658 348 720 sive
378 658 450 741 ipse
482 658 573 720 vitae
605 678 683 720 usus
714 678 869 721 severum
894 679 972 722 eum
995 659 1228 741 acerbumque
1253 661 1384 723 reddidit

199 797 386 851 censorem,
418 777 490 839 sive
521 776 691 839 scribendi
723 797 840 859 genuS,
872 798 941 859 quo
970 778 1076 841 semel
1101 780 1150 841 uti
1174 780 1299 861 coepit,
1320 799 1384 841 eum

199 897 335 978 impulit
368 904 404 957 ut
435 916 570 978 semper
601 897 852 959 obscurioribus
883 905 1036 961 uteretur
1059 898 1234 961 coloribus
1256 920 1385 982 semper·

200 1037 266 1097 que
298 1016 463 1078 tristiores
495 1014 686 1097 legentibus
719 1025 927 1098 proponeret
954 1016 1098 1092 tabulas,
1125 1018 1302 1080 indulsisse
1323 1038 1385 1080 eum

201 1136 346 1219 pessIma
379 1155 536 1217 quaeque
568 1136 729 1198 credendi
753 1136 867 1198 studio
891 1156 993 1199 nemo
1017 1138 1089 1199 iure
1113 1138 1323 1201 infitiabitur.
1344 1138 1386 1199 ln·

200 1256 309 1337 signia
333 1255 502 1336 quaedam
527 1255 631 1316 modo
656 1254 780 1335 protuli
816 1255 983 1338 exempla,
1009 1256 1070 1318 sed
1096 1258 1213 1320 nescio
1234 1278 1276 1320 an
1297 1257 1386 1319 omni·

201 1374 263 1434 bus
284 1373 326 1434 sit
340 1372 497 1434 disertius
510 1370 592 1433 illud
606 1372 697 1452 quod
712 1381 791 1434 ante
805 1382 951 1453 quatuor
964 1375 1127 1456 proposui
1140 1396 1251 1438 annos
1265 1376 1386 1457 (Mrem.

201 1513 232 1554 v.
260 1492 301 1553 26
326 1513 358 1573 p.
385 1492 563 1573 314sqq.).
589 1492 641 1553 De
666 1490 805 1554 Othone
831 1492 990 1575 Poppaea
1012 1493 1150 1558 Nerone
1173 1496 1319 1577 primum
1335 1496 1387 1557 Ia·

201 1612 287 1674 citus
319 1611 421 1691 (Hist.
447 1611 471 1686 I;
503 1612 551 1691 13)
581 1612 701 1673 eadem
727 1611 795 1673 fere
820 1613 969 1675 narravit
992 1633 1080 1694 quae
1106 1612 1301 1690 Suetonius,
1324 1615 1387 1686 Dio,

203 1730 410 1805 Plutarchus,
439 1740 558 1813 estque
584 1752 624 1794 ea
648 1733 797 1795 narratio
822 1734 987 1795 eiusmodi
1013 1743 1050 1796 ut
1074 1744 1213 1816 praeter
1237 1753 1387 1798 summam

201 1853 376 1914 levitatem
407 1851 490 1913 nihil
523 1852 556 1914 in
588 1852 627 1913 iis
659 1852 768 1934 possis
792 1852 1051 1934 reprehendere.
1077 1853 1127 1916 At
1154 1855 1285 1937 aliquot
1308 1853 1389 1917 annis

202 1981 321 2053 postea
352 1971 455 2051 (Ann'.
489 1971 585 2046 XIII,
616 1972 672 2053 46)
704 1973 844 2035 eosdem
869 1972 943 2036 illos
967 1973 1015 2035 ita
1038 1974 1206 2056 depingit,
1233 1984 1271 2038 ut
1294 1977 1389 2038 abiec-

201 2094 320 2156 tissimi
341 2092 423 2154 fiant
444 2092 649 2166 mortalium,
670 2112 756 2173 quos
772 2112 874 2154 nemo
891 2112 958 2155 non
976 2093 1256 2175 indignabundus
1274 2114 1391 2157 averse·

201 2222 265 2275 tur.
288 2213 417 2275 Verum
437 2219 595 2275 accurate
616 2212 728 2274 locum
745 2211 839 2275 illum
857 2213 1035 2294 aspicienti
1047 2223 1194 2296 apparet
1208 2215 1254 2276 ibi
1269 2233 1390 2296 quoque

196 2342 302 2394 antea
329 2333 503 2406 leniorem,
529 2333 709 2405 mitiorem,
735 2339 828 2394 certe
850 2332 1091 2415 simpliciorem
1115 2333 1280 2415 scriptam
1306 2334 1392 2396 fuisse

202 2454 440 2526 narrationem,
467 2462 655 2536 posteaque
679 2451 770 2515 illam
792 2451 940 2514 deletam
961 2453 1050 2514 etin
1072 2453 1143 2514 eius
1163 2454 1282 2516 sedem
1304 2453 1392 2516 dirio

202 2592 272 2633 rem
297 2573 395 2633 istam
421 2572 625 2633 atrociorem
651 2570 894 2632 intricatiorem
915 2571 1086 2645 insertam,
1108 2571 1169 2633 sed
1191 2572 1238 2634 ita
1261 2580 1298 2634 ut
1318 2589 1394 2652 quae

202 2691 316 2753 statim
352 2699 539 2771 sequuntur
574 2689 839 2772 haudquaquam
876 2711 952 2753 cum
987 2711 1027 2753 ea
1063 2690 1282 2753 cohaereant.
1316 2691 1425 2775 Nam,

203 2811 397 2883 narrationi,
422 2830 524 2890 quam
546 2809 634 2871 Hist.
656 2809 682 2883 I,
708 2826 743 2889 13
767 2809 942 2883 habemus,
962 2818 1043 2891 apte
1062 2810 1284 2873 adiiceretur:
1310 2811 1395 2890 ,hac-

202 2940 301 2992 tenus
333 2931 424 2991 Nero
457 2928 592 3010 flagitiis
617 2937 652 2990 et
675 2928 858 2991 sceleribus
882 2929 1076 2991 velamenta
1100 2929 1303 3010 quaesivit‘';
1329 2949 1396 2994 cum

204 3050 408 3122 narratione,
433 3068 521 3129 quae
546 3068 635 3110 nunc
656 3047 699 3110 A.
722 3047 818 3122 XIII,
839 3048 883 3127 46
903 3047 1036 3130 legitur,
1058 3048 1178 3110 eadem
1200 3049 1307 3111 verba
1327 3069 1397 3112 con·

202 3170 293 3249 iungi
315 3169 405 3230 nullo
428 3169 531 3230 modo
552 3175 704 3249 possunt.
725 3167 883 3250 Apparet
902 3187 983 3249 ergo
1000 3167 1141 3230 alteram
1160 3171 1395 3241 narrationem,

203 3290 281 3369 quia
305 3296 402 3351 tanto
428 3288 560 3369 peiores
584 3287 763 3350 exhiberet
786 3286 951 3360 homines,
977 3285 1099 3349 Tacito
1122 3287 1211 3348 adeo
1237 3288 1396 3369 placuisse

202 3416 238 3468 ut
270 3407 316 3469 illi
347 3408 405 3468 vix
428 3407 586 3487 cognitae
610 3407 725 3468 statim
750 3406 897 3487 priorem
921 3406 1043 3469 cedere
1068 3405 1210 3479 iuberet,
1237 3408 1281 3469 de
1308 3407 1398 3471 huius

202 3528 306 3607 partis
336 3527 537 3589 oeconomia
562 3546 629 3587 non
654 3525 817 3588 sollicitus
840 3527 900 3589 sed
926 3526 968 3588 de
997 3526 1264 3609 ,psychologia’'
1289 3529 1401 3603 etiam,

201 3646 227 3706 si
253 3645 323 3707 fieri
349 3653 473 3727 potest,
499 3647 618 3707 minus

247 3764 306 3827 Sat
330 3766 452 3845 gravis,
474 3773 510 3827 ut
531 3766 662 3848 opinor,
684 3765 738 3827 hic
759 3784 851 3827 error
872 3772 937 3839 est3
959 3765 1150 3846 graviorem
1170 3764 1316 3841 notabo,
1338 3788 1412 3850 quo

203 3903 270 3944 non
284 3883 492 3964 singulorum
506 3885 693 3959 hominum,
706 3885 765 3947 sed
780 3892 928 3946 totarum
942 3884 1119 3946 civitatum
1136 3885 1416 3970 ,psychologia'’

201 4002 347 4065 ludibrio
380 4002 534 4064 habetur.
568 4003 611 4065 A.
644 4002 705 4077 VI,
731 4019 774 4081 42
800 4004 842 4064 de
867 4001 1058 4077 Artabane,
1085 4002 1288 4067 Parthorum
1312 4027 1407 4089 rege,

201 4121 285 4184 haec
310 4129 504 4183 narrantur:

246 4240 403 4319 „Plebem
418 4240 620 4323 primoribus
633 4238 774 4302 tradidit
786 4260 827 4303 ex
838 4261 897 4302 suo
909 4261 981 4303 usu:
994 4259 1074 4301 nam
1088 4240 1205 4321 populi
1219 4240 1403 4323 imperium

202 4361 296 4422 iuxta
304 4358 507 4434 libertatem,
518 4379 703 4442 paucorum
711 4359 1019 4440 dominatioregiae
1027 4357 1160 4422 libidini
1168 4360 1403 4441 propiorest.”
