3210 5274
641 386 683 456 77

57 551 142 614 dem
162 553 193 615 ei
215 561 359 615 mortem
379 554 554 628 indictam,
575 553 671 616 lacile
691 573 709 615 e
730 562 843 616 cetera
865 554 1066 629 narratione,
1083 553 1161 616 lieet
1176 554 1257 617 illud

57 670 197 734 disertis
227 671 341 734 verbis
371 673 501 735 dictum
534 692 601 735 non
632 673 685 746 sit,
717 672 803 735 effici
834 682 958 754 potest.
983 673 1022 734 ln
1048 672 1113 735 fine
1138 675 1260 755 capitis

58 791 299 873 praecedentis
330 791 384 854 vel
416 791 498 854 illud
530 792 709 867 omittitur,
741 812 808 873 qua
840 812 874 854 re
907 790 961 853 vel
992 812 1060 873 quo
1093 793 1196 854 modo
1229 794 1259 855 ei

57 911 209 993 defensio
238 911 413 974 adimatur
445 910 689 993 (ademptaque
720 911 948 992 defensionelz
981 920 1015 973 et
1046 920 1161 975 tamen
1188 913 1258 975 'hoc

58 1049 127 1092 non
153 1030 201 1091 ita
226 1028 323 1092 facile
347 1039 463 1092 mente
487 1030 656 1113 suppleas.

103 1149 149 1211 H.
175 1149 202 1224 1,
228 1151 280 1231 36.
308 1148 487 1233 ,Strepere
511 1159 634 1213 cuncta
657 1149 861 1212 clamoribus
885 1152 942 1232 (se.
967 1149 1000 1211 in
1025 1151 1142 1212 castris
1163 1171 1258 1232 prae·

57 1269 210 1343 torianis,
243 1270 300 1332 ubi
332 1269 426 1334 Otho
458 1270 643 1352 imperator
673 1268 958 1351 proclamabatur)
987 1278 1021 1331 et
1052 1269 1197 1332 tumultu
1223 1279 1258 1333 et

57 1388 299 1452 exhortatione
323 1398 450 1465 mutua,
476 1409 543 1453 non
568 1399 743 1471 tamquam
768 1391 802 1452 in
828 1390 955 1472 populo
975 1409 1014 1451 ac
1036 1388 1136 1472 plebe
1157 1391 1257 1453 variis

57 1509 156 1591 segni
177 1508 373 1572 adulatione
393 1509 545 1584 vocibus,
565 1512 625 1572 sed
646 1517 684 1572 ut
703 1529 874 1591 quemque
894 1509 1091 1571 effluentum
1114 1509 1257 1571 militum

58 1637 277 1711 aspexerant,
320 1649 480 1712 prensare
524 1629 688 1702 manibus,
732 1629 900 1710 complecti
937 1630 1056 1710 armis,
1091 1628 1258 1691 collocare

58 1747 158 1810 iuxta
180 1768 210 1810 e.
235 1767 268 1830 q.
292 1747 351 1810 s.’'.

106 1866 170 1929 Est
199 1867 339 1948 quidem
364 1866 467 1950 paulo
490 1866 692 1950 exquisitius
714 1867 843 1929 dictum
867 1866 1034 1949 complecti
1055 1868 1173 1942 armis,
1197 1867 1257 1929 sed

58 2006 129 2049 non
154 1994 225 2049 tam
248 1986 394 2050 obscure
419 1997 455 2050 ut
479 1988 521 2050 ad
547 1987 821 2069 desperationem
847 1985 1000 2048 ultimam
1024 1985 1176 2067 legentes
1200 1988 1259 2048 ad·

57 2106 175 2181 ducat,
194 2106 237 2168 ad
256 2127 359 2189 quam
378 2116 493 2170 tamen
507 2107 554 2169 illi
566 2107 706 2170 adducti
719 2106 878 2168 videntur
890 2115 1187 2181 commentatores,
1200 2107 1258 2188 qui

55 2225 169 2287 armis
180 2245 201 2287 a
214 2245 305 2288 nom.
318 2227 412 2289 armi
422 2227 608 2288 derivarint
624 2224 655 2307 ¹).
669 2223 770 2306 Quod
784 2244 887 2307 quam
901 2224 1085 2286 absurdum
1098 2225 1140 2287 sit
1152 2244 1256 2306 appa-

56 2344 157 2418 rebit,
179 2346 206 2408 si
227 2346 438 2428 reputaveris
455 2344 498 2407 de
515 2345 658 2428 singulis
675 2343 837 2406 militibus
848 2343 996 2425 singulos
1008 2343 1257 2406 commilitones

55 2464 370 2547 complectentibus
392 2484 585 2528 sermonem
608 2462 663 2526 hic
688 2483 771 2525 esse.
798 2460 865 2526 Sed
891 2470 986 2524 estne
1011 2483 1128 2525 revera
1148 2464 1258 2526 armis

57 2585 135 2667 (τοῖς
161 2577 281 2666 ὅπλοις)
305 2584 472 2667 complecti
497 2592 567 2646 tam
592 2583 676 2645 mira
699 2579 848 2644 locutio?
874 2581 997 2643 Nonne
1023 2581 1129 2644 multo
1151 2582 1258 2664 magis

55 2723 130 2766 rem
163 2704 272 2786 ipsam
303 2704 477 2786 aptissime
508 2699 696 2784 significat?
729 2699 764 2765 Si
795 2701 870 2782 quis
894 2700 1000 2775 miles,
1024 2701 1131 2764 altera
1156 2722 1256 2764 manu

54 2822 207 2904 clipeum
238 2822 345 2885 altera
363 2816 481 2885 ‘telum
511 2819 650 2903 aliquod
682 2828 813 2894 tenenS,
840 2820 983 2882 alterum
1008 2820 1256 2901 complectitur,

54 2941 105 3003 ita
132 2950 170 3004 ut
195 2961 285 3024 pone
308 2949 442 3022 tergum
466 2941 537 3003 eius
561 2938 689 3021 clipeus
714 2937 796 3037 telo·
807 2947 976 3020 tangatur,
1003 2958 1114 3001 nonne
1139 2960 1256 3003 revera

55 3066 122 3129 τοῖς
159 3056 265 3129 iatam
303 3079 380 3122 eum
416 3054 675 3140 complectitur?
711 3056 875 3119 Certatim
907 3056 961 3118 hic
993 3056 1037 3118 ab
1069 3058 1256 3121 editoribus

54 3180 197 3243 affertur
220 3200 268 3242 vs.
293 3179 459 3243 Aeneidis
483 3178 562 3252 XlI,
586 3194 671 3257 433:

236 3300 424 3363 Ascanium
449 3297 529 3361 fusis
551 3297 678 3360 circum
702 3294 940 3377 complectitur
964 3297 1075 3358 armis.

55 3419 141 3502 Quis
166 3428 280 3483 autem
306 3420 339 3482 id
364 3416 465 3482 iacit?
490 3418 624 3499 Nempe
649 3415 796 3489 Aeneas,
821 3415 878 3496 qui
905 3415 1018 3488 modu,
1043 3422 1162 3477 sanato
1187 3416 1254 3478 iarn

55 3542 209 3616 vulnere,
226 3541 339 3604 denuo
356 3558 451 3602 arma
464 3538 587 3613 induit;
601 3537 711 3599 armis
723 3554 814 3617 ergo,
828 3534 862 3596 id
877 3543 927 3596 est
939 3536 1085 3597 armatis
1096 3534 1253 3609 brachiis,

56 3660 164 3724 filium
188 3661 416 3742 amplectitur.
441 3658 531 3720 Nam
556 3655 689 3738 Virgilii
713 3654 871 3728 editores,
896 3653 963 3715 illic
983 3672 1118 3734 quoque
1138 3673 1253 3717 armos

54 3779 237 3861 significari
261 3785 475 3850 annotantes
496 3776 612 3839 ludere
633 3774 802 3837 videntur.
823 3773 869 3835 Et
889 3772 981 3855 quod
1002 3792 1030 3834 c.
1053 3773 1093 3852 38
1114 3772 1250 3854 legitur:

53 3899 191 3983 aperire
216 3897 332 3960 deinde
353 3897 656 3960 armamentarium
680 3895 778 3957 iussit
801 3891 928 3975 (Otho),
955 3912 1032 3967 non,
1058 3901 1095 3954 ut
1118 3894 1250 3975 opinor,

53 4017 133 4080 hinc
158 4022 304 4098 apparet
327 4014 492 4078 hactenus
515 4015 661 4077 inermes
683 4033 793 4077 omnes
817 4011 916 4109 luisse
941 4011 1075 4075 milites.

91 4296 117 4362 1)
135 4296 307 4346 Immemores
324 4309 452 4360 nusquam
472 4294 538 4344 illud
553 4293 625 4342 armi
638 4291 709 4357 apud
724 4292 842 4341 Tacitum
857 4291 920 4356 legi,
935 4306 1023 4355 neque
1038 4290 1156 4341 adhiberi
1171 4305 1249 4355 posse

53 4384 97 4432 ubi
115 4383 150 4433 de
168 4381 323 4431 bominibus
342 4396 426 4430 sermo
442 4381 484 4430 sit.
