3210 5274
789 407 829 475 75

252 568 348 632 Ann.
375 569 452 645 XV,
477 570 531 651 65.
565 571 692 650 „Fama
723 572 785 635 suit
817 571 975 637 Subrium
1008 572 1152 635 Flavum
1185 592 1262 634 cum
1291 579 1406 633 centu·

203 688 359 753 tionibus
394 689 540 753 occulto.
566 690 717 767 consilio,
754 712 864 774 neque
900 701 1015 755 tamen
1051 693 1229 774 ignorante
1265 689 1406 764 Seneca,

205 810 442 883 destinavisse,
475 819 512 872 ut
543 819 622 892 post
651 812 801 873 occisum
833 832 937 895 opera
970 813 1099 875 Pisonis
1127 811 1300 874 Neronem
1332 811 1406 873 Piso

205 948 345 1011 quoque
359 928 615 1002 interficeretur,
625 930 883 1011 tradereturque
894 931 1072 1012 imperium
1084 931 1243 1005 Senecae,
1254 931 1349 1012 quasi
1359 931 1407 992 in·

206 1048 364 1111 sontibus
382 1047 403 1131 ¹)
425 1048 626 1111 claritudine
639 1049 802 1111 virtutum
815 1049 859 1112 ad
873 1069 1042 1112 summum
1055 1049 1225 1131 fastigium
1239 1048 1407 1112 delecto”.

250 1168 310 1232 Ad
336 1169 425 1231 hunc
450 1168 563 1231 locum
587 1169 823 1232 illustrandum
849 1170 932 1232 mira
956 1170 1125 1252 quaedam
1150 1170 1301 1252 disputat
1323 1169 1407 1251 Nip-

206 1287 366 1370 perdeius
390 1287 433 1351 de
457 1288 602 1351 consciis
624 1288 779 1351 sontibus
802 1297 837 1351 et
856 1287 1057 1351 insontibus
1078 1287 1268 1368 Aliquanto
1288 1288 1407 1350 melius

207 1404 322 1468 locum
340 1406 388 1469 sic
406 1408 532 1489 accipit
551 1408 750 1470 Furneaux:
768 1428 855 1489 ,quo
869 1408 959 1471 facto
972 1409 1035 1491 ipsi
1048 1410 1189 1471 insontes
1200 1408 1405 1482 viderentur,

206 1533 328 1608 utpote
359 1527 417 1607 qui
449 1527 559 1608 ipsum
590 1547 727 1609 quoque
759 1529 964 1592 occidissent
996 1529 1163 1602 Pisonem,
1192 1537 1226 1590 et
1258 1529 1404 1590 virorum

206 1645 412 1728 probissimo
443 1645 696 1730 clarissimoque
727 1647 862 1711 tradere
894 1646 1105 1729 imperium”.
1139 1645 1207 1711 Sed
1232 1648 1297 1710 hoc
1323 1667 1406 1729 quo·

206 1764 320 1828 minus
351 1764 442 1827 illam
476 1765 793 1846 interpretationem
827 1767 1010 1849 probemus
1041 1766 1166 1840 obstat,
1199 1769 1291 1847 quod
1317 1787 1405 1830 nunc

203 1884 305 1966 quasi
335 1883 543 1965 iungendum
568 1893 620 1947 est
644 1904 720 1947 cum
744 1885 817 1949 solo
842 1886 1030 1959 insontibus,
1057 1905 1134 1947 cum
1159 1895 1274 1949 tamen
1300 1887 1407 1967 magis

206 2004 313 2066 etiam
344 2003 387 2065 ad
419 2003 620 2066 claritudine
649 2004 813 2068 virtutum
845 2005 962 2069 delecto
991 2006 1171 2088 pertineat.
1197 2006 1242 2067 Et
1267 2005 1406 2067 omnino

206 2142 287 2186 curn
317 2122 489 2186 adiectivo
512 2124 623 2186 insons
647 2123 702 2186 hic
726 2124 865 2186 Tacitus
888 2125 1003 2199 utitur,
1028 2124 1109 2187 illud
1134 2124 1332 2206 simpliciter
1357 2132 1405 2186 at·

206 2263 276 2324 que
307 2252 425 2324 aperte
455 2242 497 2320 τῷ
529 2243 674 2306 conscius
704 2245 893 2326 opponit:
925 2243 981 2306 alii
1014 2252 1092 2305 sunt
1123 2251 1239 2306 sontes
1267 2244 1404 2324 (conscii

204 2362 462 2442 coniurationis)
481 2362 537 2425 alii
555 2364 697 2427 insontes
714 2363 967 2444 (coniurationis
986 2383 1053 2425 non
1074 2345 1277 2445 participes).
1297 2362 1406 2426 Unice

203 2502 288 2544 vera
312 2501 394 2563 ergo
418 2491 468 2544 est
490 2490 593 2564 atque
613 2482 701 2544 adeo
722 2483 910 2544 necessaria
930 2482 1078 2545 Acidalii
1100 2482 1266 2544 correctio
1285 2483 1408 2546 insonti

201 2614 237 2666 et
271 2603 345 2684 (pro
380 2593 589 2683 insontibusl:
626 2601 805 2683 imperium
837 2599 988 2665 Senecae
1019 2601 1170 2664 delatum
1205 2622 1305 2664 nemo
1336 2622 1404 2664 non

203 2721 399 2785 mortalium
435 2730 524 2785 esset
559 2721 780 2804 probaturus:
818 2721 932 2783 insons
968 2723 1057 2784 enim
1094 2721 1148 2784 ille
1184 2731 1256 2784 erat
1293 2741 1403 2801 neque

200 2842 369 2922 sanguine
389 2861 555 2923 aspersus,
577 2851 753 2923 praeterea
773 2841 927 2905 claritate
949 2842 1112 2904 virtutum
1132 2861 1264 2903 summo
1281 2841 1404 2923 dignus

201 2960 352 3042 fastigio.

251 3079 296 3141 A.
321 3079 417 3154 XVI,
448 3097 496 3162 19.
529 3080 582 3142 De
613 3081 763 3143 Petronii
795 3081 865 3143 vita
889 3088 969 3143 ante
993 3089 1070 3143 acta
1094 3090 1276 3163 postquam
1300 3100 1402 3163 quae·

203 3200 286 3262 dam
312 3200 460 3261 narravit
485 3199 634 3274 Tacitus,
659 3201 716 3282 qui
743 3200 888 3263 Neronis
911 3201 954 3262 sit
978 3199 1087 3263 iactus
1110 3202 1238 3263 amicus
1262 3202 1402 3262 demon·

202 3319 337 3391 stravit,
356 3318 505 3400 denique
524 3338 582 3380 cur
601 3326 635 3381 et
647 3339 716 3401 quo
730 3320 832 3382 modo
846 3339 865 3381 a
878 3319 1046 3400 Tigellino
1059 3328 1234 3400 tamquam
1248 3320 1403 3382 conscius

205 3438 408 3500 Pisonianae
431 3438 673 3500 coniurationis
696 3448 873 3501 accusatus
896 3439 939 3500 sit
963 3440 1130 3521 exposuit,
1156 3440 1202 3500 sic
1228 3441 1355 3521 pergit:

254 3557 380 3635 ,Forte
404 3556 469 3619 illis
492 3556 613 3619 diebus
637 3556 859 3639 Campaniam
881 3559 1049 3640 petiverat
1070 3556 1202 3630 Caesar,
1224 3567 1258 3618 et
1278 3555 1401 3619 Cumas

203 3694 312 3758 usque
345 3695 541 3757 progressus
574 3676 750 3739 Petronius
782 3676 848 3738 illic
877 3677 1089 3740 attinebatur.
1117 3675 1189 3736 Nec
1214 3673 1290 3736 tulit
1314 3674 1400 3737 ultra

200 3794 335 3857 timoris
366 3801 425 3856 aut
455 3795 529 3876 spei
561 3814 672 3857 moras
704 3796 902 3877 (sequuntur
933 3795 976 3857 de
1009 3803 1117 3857 morte
1150 3794 1220 3855 eius
1248 3813 1399 3874 eaquae

202 3912 306 3995 vulgo
335 3910 464 3993 nota)”.

202 4147 344 4196 interiecto
369 4145 423 4194 filio
448 4145 600 4193 Radamisto
622 4144 697 4208 quasi
718 4145 859 4208 proditore,
880 4162 933 4210 quo
952 4146 1028 4195 fidem
1048 4148 1075 4194 in
1095 4162 1143 4195 nos
1163 4153 1306 4210 testaretur,
1325 4153 1399 4195 vetus

201 4234 328 4283 adversus
353 4231 491 4279 Armenios
510 4230 599 4279 odium
618 4231 765 4294 promptius
784 4231 947 4295 exercebat‘',
966 4233 982 4280 i.
1003 4249 1025 4281 e.
1045 4233 1242 4281 Pharasmanem
1260 4233 1400 4282 admouere

202 4336 270 4384 opus
290 4334 346 4368 non
365 4324 433 4366 erat:
453 4323 548 4380 sponte
567 4314 612 4365 ille
631 4324 656 4365 et
675 4315 788 4366 libenter
807 4318 906 4366 bellum
926 4320 1066 4368 Armeniae
1085 4319 1221 4368 inserebat.

239 4405 265 4464 ι)
285 4405 318 4452 ln
337 4402 427 4452 codice
445 4411 485 4452 est
504 4401 630 4460 insontia·
648 4411 673 4451 et
693 4403 810 4469 siguum3
830 4404 937 4468 quidem
957 4414 996 4454 est
1015 4422 1030 4454 a
1048 4422 1126 4454 manu
1146 4407 1298 4456 recentiore.
