3210 5274
774 387 838 453 252

209 553 347 625 visatur,
383 553 637 633 degeneretque
671 552 792 615 studiis
826 551 976 615 externis
1007 551 1163 613 iuventus
1197 599 1319 614 ......
1352 552 1401 615 An

208 672 373 733 iustitiam
398 670 513 753 augeri
536 678 571 733 et
596 671 750 734 decurias
774 673 927 753 equitum
949 671 1121 752 egregium
1143 672 1319 735 iudicandi
1341 693 1405 734 mu-

208 810 273 852 nus
297 788 503 871 expleturos,
527 790 554 852 si
580 789 704 853 lractos
728 810 831 853 sonos
854 799 889 853 et
913 789 1130 853 dulcedinem
1155 810 1280 853 vocum
1303 792 1407 873 perite

209 907 416 972 audissent.”

254 1028 363 1090 Totus
393 1027 447 1090 hic
479 1027 573 1090 locus
604 1027 638 1090 in
670 1028 788 1091 codice
821 1028 1057 1091 vitiosissimus
1087 1036 1148 1090 est.
1174 1028 1247 1091 Iarn
1273 1030 1408 1111 egregia

208 1147 451 1210 emendatione
482 1147 619 1230 Lipsius
644 1148 807 1211 iustitiam
831 1148 953 1231 augeri
975 1147 1072 1210 dedit
1096 1167 1159 1228 pro
1183 1147 1335 1211 absurdo
1358 1150 1408 1211 ius

204 1269 280 1331 titia
300 1267 449 1350 augurii,
472 1287 581 1348 neque
603 1277 779 1350 praeterea
801 1267 1021 1349 Madvigiana
1040 1268 1253 1330 correctione
1273 1280 1405 1332 auctum

205 1389 255 1451 iri
273 1408 360 1470 opus
379 1408 452 1450 esse
473 1389 605 1471 opinor.
626 1388 726 1463 Tum,
740 1397 832 1453 recte
846 1397 883 1451 ut
895 1389 1054 1470 equidem
1068 1408 1203 1463 censeo„
1218 1387 1406 1470 Seyffertus

203 1507 396 1589 expleturas
416 1507 562 1570 coniecit
582 1527 644 1589 pro
664 1507 852 1590 expleturos
871 1516 906 1570 et
926 1516 1006 1570 ante
1023 1527 1099 1570 eam
1112 1527 1235 1569 vocem
1248 1507 1407 1571 Halmius

207 1629 347 1691 inseruit
382 1629 514 1704 melius,
549 1629 642 1710 quod
678 1628 955 1711 supplementum
993 1627 1075 1690 mihi
1110 1627 1251 1709 quidem
1290 1628 1406 1708 utique

206 1748 433 1809 necessarium
466 1748 610 1810 videtur.
643 1744 711 1810 Sed
737 1766 826 1809 nunc
851 1765 917 1828 ego
941 1746 1046 1807 etiam
1070 1745 1104 1807 in
1130 1745 1195 1807 isto
1214 1746 1329 1828 perite
1350 1767 1406 1808 au·

205 1866 329 1930 dissent
362 1867 497 1929 haereo.
535 1867 655 1948 Neque
688 1866 779 1928 enim
811 1863 1013 1947 significare.
1034 1884 1075 1925 ea
1107 1863 1213 1926 verba
1245 1872 1406 1946 possunt:

208 1994 402 2067 „tamquam
438 1985 551 2050 callidi
588 1987 631 2048 de
667 1986 833 2048 eiusmodi
868 1984 998 2047 artibus
1034 1984 1162 2046 iudices
1196 1984 1407 2059 audissent”,

205 2124 326 2186 neque,
352 2105 379 2167 si
392 2094 550 2188 possent,
571 2104 614 2167 de
635 2125 675 2166 ea
695 2124 730 2166 re
755 2124 843 2166 nunc
864 2104 985 2186 agitur.
1011 2102 1179 2166 Universa
1199 2112 1318 2166 tamen
1341 2104 1404 2166 loci

202 2224 371 2286 sententia
402 2224 589 2286 admodum
621 2232 672 2286 est
696 2224 891 2305 perspicua:
920 2221 1125 2303 „meliusne”
1148 2222 1333 2304 antiquarii
1358 2221 1403 2285 illi

204 2352 325 2424 rogant
371 2343 545 2422 „homines
579 2363 623 2405 ex
658 2344 777 2406 ordine
812 2342 1022 2425 amplissimo
1056 2341 1402 2424 splendidissimoque

203 2462 363 2544 gravibus
393 2463 460 2525 suis
492 2464 525 2525 in
560 2462 731 2546 republica
763 2463 958 2525 muneribus
981 2461 1174 2544 fungentur„
1200 2461 1402 2525 melioresne

204 2601 263 2642 eos
288 2580 490 2644 habebimus
514 2582 768 2645 iurisconsultos
787 2592 822 2645 et
843 2582 980 2658 iudices,
1002 2583 1028 2645 si
1050 2582 1178 2646 ineunte
1197 2594 1307 2646 aetate
1326 2584 1403 2645 ista·

203 2720 277 2762 rum
306 2720 427 2776 rerum,
452 2721 537 2782 quas
561 2721 650 2765 nunc
674 2702 707 2764 in
733 2702 906 2765 civitatem
932 2702 1147 2765 introducere
1171 2702 1289 2764 studet
1314 2703 1402 2785 prin·

202 2840 292 2901 ceps,
325 2821 508 2903 participes
539 2819 706 2883 suerinti”
739 2820 828 2883 Nam
859 2821 1058 2903 praesertim
1091 2820 1133 2882 de
1159 2820 1198 2882 iis
1222 2820 1325 2882 rebus
1348 2820 1402 2882 hic

201 2940 256 3022 agi
281 2940 502 3022 cogitarique„
527 2960 611 3021 quas
634 2953 747 3004 tenera
769 2952 862 3004 aetas
885 2939 1042 3003 ludorum
1066 2939 1199 3002 illorum
1221 2941 1402 3002 occasione

201 3059 302 3122 faciet
321 3061 570 3141 spectabitque‚
593 3060 646 3123 vel
667 3081 710 3123 ex
731 3061 780 3136 iis,
801 3081 889 3143 quae
906 3061 1100 3123 citavimus:
1126 3060 1402 3142 „degeneretque

201 3180 321 3241 studiis
352 3181 502 3242 externis
530 3179 709 3243 iuventus”
733 3200 835 3262 quam
862 3181 1009 3243 maxime
1032 3187 1186 3261 apparet.
1211 3180 1307 3261 Ergo
1334 3201 1401 3243 non

202 3299 322 3360 dubito
355 3301 435 3380 quin
469 3320 530 3381 pro
555 3301 665 3383 perite
694 3300 876 3381 legendum
900 3300 943 3362 sit
961 3300 1072 3382 pueri,
1097 3319 1163 3381 qua
1187 3301 1402 3364 correctione

201 3418 372 3481 lenissima
392 3419 532 3481 tandem
553 3418 737 3500 aliquando
758 3427 850 3481 totus
870 3418 964 3482 locus
984 3420 1018 3481 in
1039 3419 1207 3500 integrum
1223 3420 1403 3483 restitutus

201 3539 345 3600 videtur.

246 3776 290 3838 Α.
316 3774 412 3849 XIV,
441 3791 493 3856 29.
518 3773 584 3856 Qui
611 3777 774 3839 hactenus
798 3777 830 3839 in
856 3776 1031 3840 Britannia
1054 3775 1270 3859 praefuerant
1295 3778 1402 3863 legio·

202 3896 299 3957 nibus
324 3896 413 3957 haud
438 3895 581 3957 multum
607 3894 837 3976 profecerant:

249 4013 334 4077 ‚Sed
361 4024 433 4077 tum
459 4014 616 4076 Paulinus
641 4013 823 4077 Suetonius
844 4014 1023 4077 obtinebat
1043 4015 1234 4092 Britannos,
1256 4018 1402 4083 scientia

201 4134 339 4195 militiae
374 4144 407 4196 et
440 4155 572 4196 rumore
605 4134 733 4216 populi,
764 4137 821 4216 qui
854 4137 1024 4198 neminem
1049 4137 1121 4199 sine
1144 4137 1280 4199 aemulo
1307 4140 1400 4215 sinit„

201 4253 402 4316 Corbulonis
427 4262 641 4316 concertator
666 4263 891 4336 receptaeque
915 4255 1101 4318 Armeniae
1126 4257 1230 4319 decus
1249 4263 1401 4342 aequare

199 4374 337 4434 domitis
361 4374 590 4455 perduellibus
615 4374 787 4457 cupiens.’'
