3210 5274
658 1357 720 1420 IV.

135 1581 235 1644 Nunc
255 1601 359 1643 unum
379 1580 591 1663 alterumque
611 1580 724 1645 locum
745 1582 913 1657 indicabo,
933 1581 990 1643 ubi
1005 1582 1167 1644 hactenus
1181 1601 1283 1644 unum

87 1700 293 1764 vocabulum
314 1720 382 1763 non
404 1702 485 1764 satis
505 1710 661 1765 accurate
682 1709 861 1782 acceptum
884 1702 1048 1774 videatur,
1069 1719 1137 1781 quo
1157 1700 1284 1762 lactum

87 1820 131 1882 sit
156 1827 193 1882 ut
217 1827 291 1882 tota
314 1818 380 1882 loci
403 1820 640 1901 interpretatio
664 1820 785 1883 vitium
809 1819 1015 1899 conciperet.

134 1938 199 2001 Hic
233 1937 313 2001 mihi
345 1938 585 2020 disputationis
616 1959 711 2001 meae
743 1938 875 2001 initium
900 1936 1043 2019 praebet
1068 1937 1123 1998 Fr.
1148 1934 1282 2010 Pollius,

87 2057 146 2138 qui
178 2057 378 2120 suavissimo
409 2057 677 2139 doctissimoque
700 2056 815 2119 libello
839 2076 927 2138 quae
950 2056 1017 2118 sint
1042 2054 1132 2136 vulgi
1157 2056 1200 2116 de
1225 2055 1284 2117 lin-

87 2195 175 2258 guae
208 2176 339 2238 ratione
363 2176 542 2257 opiniones
558 2173 579 2257 ¹)
603 2175 716 2238 docet.
743 2176 775 2238 Is
799 2176 888 2238 enim
913 2175 959 2237 ibi
984 2175 1072 2238 inter
1095 2194 1131 2236 se
1155 2172 1286 2235 confert

90 2294 260 2358 Herodoti
284 2293 397 2357 locum
422 2295 462 2357 L.
485 2293 581 2368 VIII,
602 2314 631 2357 c.
657 2311 718 2373 140
738 2303 772 2357 et
794 2294 1035 2357 Demosthenis
1055 2315 1087 2375 p.
1109 2293 1161 2367 68,
1182 2300 1285 2373 atque

90 2414 135 2476 de
158 2412 223 2475 illis
246 2413 294 2476 sic
317 2414 488 2494 disputat:

136 2531 316 2594 Herodoto
336 2540 475 2595 auctore
495 2531 693 2595 Alexander
713 2533 858 2595 Macedo
873 2532 1041 2595 Mardonii
1055 2532 1166 2594 verbis
1178 2530 1286 2593 Athe·

88 2649 263 2712 niensibus
286 2658 420 2713 tanturn
445 2670 513 2712 non
537 2652 612 2713 auri
634 2660 767 2714 montes
788 2650 967 2733 pollicetur
987 2651 1174 2713 dummodo
1195 2669 1287 2711 com·

90 2787 229 2829 munem
242 2767 404 2831 Graeciae
417 2789 553 2832 causam
566 2769 727 2831 omittant
740 2770 895 2852 regisque
909 2770 1085 2832 Persarum
1098 2769 1181 2831 fiant
1193 2769 1285 2831 socii.

136 2885 186 2948 At
211 2886 462 2949 Demosthenes
485 2885 569 2950 haec
594 2886 714 2950 habet:

136 3003 267 3082 εὑρίσκει
304 3003 367 3083 γὰρ
398 3005 598 3087 (Philippus)
627 3004 697 3074 τοὺς
729 3007 787 3080 μὲν
817 3004 980 3085 ὑμετέρους
1010 3003 1187 3084 προγόνους.
1219 3004 1286 3080 ἐξὸν

90 3123 199 3193 αὐτοῖς
219 3127 279 3186 τῶν
300 3128 414 3187 λοιπῶν
433 3120 545 3202 ἄρχειν
562 3122 720 3192 Ἑλλήνων
739 3121 811 3186 ὥστ’
830 3125 943 3196 αὐτοὺς
963 3124 1128 3188 ὑπακούειν
1140 3125 1284 3199 βασιλεῖ,

90 3242 124 3304 οὖ
150 3240 242 3320 μόνον
265 3242 320 3305 οὐκ
340 3239 577 3320 ἀνασχομένους
600 3243 651 3305 τὸν
673 3241 767 3318 λόγον
787 3247 905 3314 τοῦτον,
927 3243 1004 3316 ἡνίκ’
1025 3238 1113 3315 ἦλθεν
1134 3243 1286 3320 Ἀλέξων·

91 3361 158 3440 δρας
182 3360 195 3423 ὁ
221 3359 338 3424 τούτων
362 3362 415 3444 (L.
439 3360 561 3443 τούτου)
585 3359 731 3440 πρόγονος
756 3360 824 3440 περὶ
849 3360 964 3425 τούτων
989 3363 1084 3440 ullu&
1107 3364 1172 3427 κτὲ.

140 3481 338 3561 „Traditum
362 3490 413 3544 est
434 3482 477 3544 ab
498 3480 681 3544 historico'’
703 3481 828 3544 Pollius
846 3483 893 3545 ait
917 3484 1096 3564 „petivisse
1115 3486 1158 3547 ab
1179 3484 1287 3547 Athe·

91 3599 265 3663 niensibus
289 3598 524 3663 Alexandrum
549 3608 585 3662 ut
610 3600 698 3682 regis
720 3600 840 3662 fierent
859 3602 938 3664 socii
956 3601 1067 3676 lt'beri3
1089 3610 1124 3664 at
1144 3602 1287 3664 Demos·

90 3718 212 3781 thenes
247 3718 347 3781 finxit
381 3739 504 3801 aquam
539 3727 732 3800 terramque
765 3720 951 3802 postulasse
984 3741 1060 3782 eum
1094 3729 1128 3783 et
1151 3722 1286 3805 plenam

85 3839 338 3920 perfectamque
357 3837 560 3900 deditionem.
583 3838 726 3912 Revera,
747 3838 774 3900 si
794 3837 920 3921 logices
933 3838 1097 3902 habemus
1110 3841 1287 3917 rationem,

91 3955 140 4018 sic
172 3956 244 4037 ipse
276 3955 527 4018 Demosthenes
553 3955 622 4017 vim
647 3957 836 4037 argumenti
861 3957 911 4019 sui
935 3957 1092 4034 infirmat,
1118 3979 1288 4040 namquo

94 4074 202 4136 minus
237 4073 383 4136 odiosum
419 4072 518 4136 fuerit
553 4073 684 4154 antiqui
719 4073 806 4137 illius
838 4075 1036 4137 Macedonis
1069 4075 1288 4158 postulatum,

133 4319 158 4384 r)
177 4319 220 4367 Fr.
240 4317 323 4383 Pone,
342 4318 402 4367 wie
421 4318 503 4368 denkt
521 4319 567 4368 das
586 4317 657 4367 Volk
676 4319 739 4368 ilber
758 4320 801 4369 die
820 4322 951 4386 Sprache?
