3292 5280
794 369 839 435 90

270 534 313 596 H.
339 534 398 607 ΙΙΙ,
430 551 477 595 11.
511 532 694 614 Postquam
726 535 873 597 narravit
906 534 948 597 de
978 532 1124 595 tumultu
1156 532 1245 595 inter
1279 531 1417 594 Antonii

225 654 348 716 milites
377 663 462 727 orto,
494 654 605 734 deque
629 653 751 735 Tampi
777 652 931 715 Flaviani
956 651 1117 735 periculo,
1141 651 1194 713 cui
1220 671 1258 713 se
1284 650 1341 714 ille
1365 652 1418 713 vix

222 773 439 847 subtraxerit,
464 773 511 834 sic
536 773 681 854 scriptor
704 773 832 854 pergit:

270 893 469 974 ,Legiones
483 891 575 954 velut
590 892 669 953 tabe
682 891 837 966 infectae,
851 891 1027 973 Aponium
1036 889 1269 965 Saturninum,
1283 890 1417 971 Moesici

224 1012 392 1074 exercitus
417 1011 576 1092 legatum,
601 1030 642 1072 eo
667 1012 813 1072 atrocius
837 1010 1080 1092 aggrediuntur
1104 1010 1197 1090 quod
1221 1030 1253 1072 e.
1276 1030 1309 1091 q.
1330 1010 1378 1071 s.”

270 1133 365 1194 Haec
396 1130 475 1204 cito,
501 1131 646 1211 primum
672 1137 708 1190 ut
733 1138 897 1212 appareat
920 1130 1002 1210 quid
1027 1130 1160 1191 intersit
1184 1129 1275 1191 inter
1297 1149 1418 1192 sermo

224 1271 302 1313 nem
327 1250 503 1312 Taciteum
529 1258 563 1311 et
587 1250 778 1311 orationem
802 1268 918 1312 eorum
938 1250 996 1330 qui
1016 1248 1215 1331 simpliciter
1236 1247 1418 1330 loquuntur

223 1370 452 1450 scribuntque.
477 1366 771 1450 Simplicissimum
796 1368 861 1430 hoc
884 1377 958 1431 erat
981 1375 1016 1431 et
1035 1368 1210 1450 scriptoris
1230 1369 1417 1430 sententiae

223 1488 453 1570 aptissimum:
481 1486 676 1568 „Aponium
778 1487 1030 1569 aggrediuntur,
1055 1507 1096 1550 eo
1120 1487 1272 1550 atrocius
1295 1484 1417 1568 quod‘',

226 1628 303 1669 nam
328 1627 437 1670 novae
463 1607 674 1680 narrationis,
695 1626 782 1687 quae
802 1607 1005 1681 adnectitur,
1025 1613 1267 1686 argumentum
1286 1604 1351 1668 hoc
1372 1614 1418 1667 est

227 1727 319 1808 quod
345 1747 433 1789 nunc
454 1747 489 1788 se
510 1727 543 1788 in
564 1726 666 1788 alium
686 1727 809 1789 ducem
830 1727 999 1788 convertit
1019 1725 1164 1788 militum
1185 1727 1245 1799 ira,
1266 1725 1320 1787 cui
1342 1725 1419 1787 illud

231 1866 291 1925 ,eo
322 1846 468 1908 atrocius
500 1847 591 1926 quod
625 1866 654 1907 e.
675 1866 707 1926 q.
729 1845 778 1907 s.”
810 1845 1016 1928 explanandi
1047 1864 1148 1907 causa
1175 1844 1327 1908 additur.
1356 1842 1419 1908 Sed

227 1965 344 2026 maluit
375 1963 513 2026 Tacitus
543 1984 636 2026 more
668 1984 729 2026 suo
760 1964 911 2027 diversas
943 1984 996 2026 res
1026 1964 1060 2026 in
1090 1983 1193 2026 unam
1221 1964 1420 2027 contrahere

226 2084 440 2146 sententiam.
466 2083 600 2145 Deinde
624 2092 661 2145 ut
684 2084 840 2164 sequenti
864 2083 977 2164 capite
999 2082 1174 2164 scriptoris
1199 2083 1307 2145 nostri
1327 2101 1418 2144 usum

227 2214 345 2267 contra
366 2225 505 2286 pravam
525 2203 706 2266 defendam
720 2204 974 2266 distinctionem
987 2204 1047 2266 sed
1060 2204 1263 2285 speciosam,
1278 2211 1313 2264 et
1325 2222 1417 2284 quae,

226 2325 287 2385 nisi
321 2322 427 2398 fallor,
459 2325 503 2386 ab
535 2344 601 2386 uno
634 2324 810 2405 alteroque
841 2324 972 2385 editore
1003 2323 1071 2386 iam
1099 2330 1151 2385 est
1173 2322 1335 2385 admissa.
1360 2321 1418 2383 Est

225 2452 338 2504 autem
359 2442 413 2504 ille
434 2443 528 2505 locus
548 2451 664 2505 nostro
684 2443 870 2505 admodum
890 2440 1017 2504 similis.
1036 2441 1117 2505 Post
1136 2449 1290 2503 narratas
1305 2440 1416 2503 turbas

226 2560 258 2621 in
285 2561 449 2623 Flaviano
473 2561 623 2624 exercitu
648 2563 731 2625 haec
756 2562 927 2643 leguntur:

274 2681 345 2759 ,Ne
370 2683 403 2744 in
429 2681 558 2744 Vitellii
582 2684 720 2763 quidem
746 2683 897 2764 partibus
917 2683 1052 2764 quietae
1073 2690 1206 2744 mentes
1226 2683 1416 2745 exitiosiore

226 2803 395 2864 discordia
420 2822 486 2865 non
511 2803 758 2884 suspicionibus
783 2803 884 2885 vulgi,
909 2805 969 2865 sed
994 2802 1137 2885 perfidia
1161 2803 1290 2865 ducum
1309 2802 1404 2865 turba

227 2921 380 2984 bantur’'.

272 3039 402 3122 Sponte
431 3061 466 3102 se
490 3040 587 3103 offert
612 3043 807 3105 coniectura
831 3050 909 3125 post
933 3054 1052 3105 ruentes
1076 3041 1240 3104 maiorem
1266 3060 1340 3103 esse
1363 3060 1417 3122 po·

227 3161 373 3222 nendam
400 3161 662 3234 distinctionem,
687 3163 735 3223 sic
755 3163 845 3223 enim
866 3161 981 3223 omnia
1001 3160 1086 3223 fiunt
1106 3159 1304 3243 planissima
1325 3168 1358 3220 et
1377 3157 1416 3220 ad

226 3278 484 3359 intelligendum
504 3280 769 3361 expeditissima.
793 3280 838 3341 Et
858 3289 973 3342 tamen
996 3298 1097 3341 nemo
1116 3299 1193 3341 eam
1214 3279 1340 3361 probet
1360 3277 1416 3339 nisi

225 3399 282 3479 qui
307 3400 340 3462 in
365 3399 486 3461 Tacito
510 3399 634 3481 hospes
657 3401 717 3461 sit:
744 3402 786 3462 de
811 3399 975 3463 industria
995 3400 1084 3461 enim
1105 3398 1245 3461 Tacitus
1266 3399 1300 3461 in
1321 3416 1416 3461 unam

225 3519 430 3580 sententiam
453 3519 566 3599 coegit
589 3528 624 3580 et
648 3539 718 3580 rem
739 3530 874 3593 novam,
896 3538 998 3599 quam
1018 3518 1237 3601 praecedenti
1258 3517 1416 3589 adnectit,

227 3645 261 3698 et
285 3638 332 3699 rei
358 3658 466 3699 novae
491 3637 778 3719 explanationem.

272 3757 315 3818 H.
341 3757 400 3829 ΙΙΙ,
432 3774 479 3837 13.
501 3755 635 3819 Defecit
655 3777 674 3817 a
695 3755 835 3817 Vitellio
855 3756 978 3829 classis,
1001 3755 1148 3819 Caecina
1168 3755 1321 3836 legiones
1340 3774 1418 3836 quo·

227 3896 293 3956 que
312 3896 389 3937 suas
408 3877 450 3938 ad
473 3876 722 3957 Vespasianum
742 3874 917 3951 transfert;
939 3876 1075 3956 iamque
1093 3876 1126 3937 in
1143 3876 1215 3937 eius
1227 3875 1418 3937 iuraverunt

227 3995 332 4056 verba
357 3994 489 4068 milites,
515 3996 580 4056 iam
606 3996 768 4076 dereptae
792 4004 869 4057 sunt
889 3995 1018 4057 Vitellii
1040 3995 1214 4076 imagines,
1236 3996 1418 4076 praescrip·

226 4124 367 4195 tumque
389 4114 589 4196 Vespasiani
612 4135 747 4189 nomen,
768 4136 844 4177 cum
865 4116 978 4178 subito
999 4115 1073 4177 illos
1093 4114 1172 4178 lacti
1190 4114 1240 4176 sui
1258 4116 1419 4196 poenitet,

226 4242 423 4315 reputantes
443 4254 488 4307 se,
510 4242 664 4295 strenuos
685 4234 758 4295 illos
780 4234 981 4297 Germaniae
1002 4234 1194 4307 bellatoreS,
1215 4232 1308 4295 nulla
1327 4233 1418 4295 clade

225 4362 377 4433 accepta,
403 4372 521 4414 manus
544 4354 677 4414 tradere
703 4352 907 4416 Othonianis
931 4354 1003 4415 istis
1026 4372 1127 4436 saepe
1152 4351 1278 4434 sugatis
1301 4352 1419 4434 copiis:
