3210 5274
697 426 762 492 279

131 604 258 647 novum
290 585 505 650 Cimbrorum
535 588 798 672 Teutonumque
830 590 954 653 bellurn
989 591 1153 653 Romanis
1177 591 1325 652 excitare

128 704 347 769 studentem?
380 707 484 790 Lege,
510 717 546 771 ut
571 709 685 773 omnia
709 717 801 772 recte
826 711 1013 792 procedant
1037 720 1072 773 et
1095 710 1243 792 aliquam
1268 709 1326 772 ha-

128 824 232 888 beant
257 827 327 888 veri
351 828 519 909 speciem:
548 828 693 910 ,Gallias
717 839 751 892 et
772 831 942 893 exercitus
962 829 1163 893 Germaniae
1184 851 1325 893 novum·

129 964 196 1027 que
229 944 355 1009 bellum
387 947 525 1010 cieret.’'
558 948 634 1011 Hoc
665 949 793 1011 homini
819 957 956 1012 strenuo
981 969 1042 1011 nec
1066 957 1181 1011 tamen
1206 951 1325 1011 insano

129 1064 163 1127 in
189 1074 339 1128 mentem
365 1068 481 1130 venire
505 1076 633 1150 potest:
660 1077 696 1130 ut
715 1068 758 1131 ad
780 1068 1012 1131 rebellandum
1033 1069 1181 1131 adducat
1199 1066 1324 1142 Gallos,

130 1185 156 1247 si
191 1205 259 1248 non
292 1206 410 1249 omnes
441 1196 475 1250 at
508 1187 638 1269 aliquas
669 1189 839 1263 nationes,
872 1196 906 1250 et
937 1209 957 1251 a
990 1188 1112 1251 Rheno
1144 1188 1260 1269 copias
1291 1188 1324 1249 in

133 1303 268 1367 Italiam
291 1304 434 1369 alliciat:
459 1306 507 1369 sic
531 1325 658 1369 novum
682 1315 850 1389 atroxque
874 1306 1000 1369 bellum
1024 1307 1158 1369 existet.

178 1543 222 1606 H.
247 1545 308 1620 ΙΙΙ,
332 1546 387 1624 46.
413 1545 508 1620 Daci,
530 1545 671 1609 ardente
693 1546 726 1608 in
749 1545 847 1608 Italia
866 1544 966 1620 bello,
986 1544 1136 1607 abducto
1156 1565 1174 1607 e
1196 1544 1326 1607 Moesia

130 1664 300 1726 exercitu:

178 1784 402 1866 ,expugnatis
423 1784 615 1848 cohortium
635 1784 831 1867 alarumque
852 1784 1001 1847 hibernis
1022 1791 1164 1865 utraque
1178 1785 1324 1847 Danuvii

130 1904 204 1986 ripa
224 1904 453 1986 potiebantur,
476 1905 611 1986 iamque
631 1914 741 1968 castra
761 1905 932 1988 legionum
953 1905 1135 1967 excindere
1149 1905 1324 1986 parabant,

130 2023 163 2085 ni
193 2022 371 2085 Mucianus
394 2033 527 2087 sextam
551 2024 721 2108 legionem
746 2026 970 2108 opposuisset,
996 2024 1234 2089 Cremonensis
1258 2027 1326 2088 vic·

128 2141 236 2203 toriae
267 2162 402 2224 gnarus,
433 2163 472 2206 ac
504 2163 547 2206 ne
579 2151 721 2206 externa
753 2144 858 2208 moles
890 2145 1060 2227 utrimque
1092 2145 1273 2227 ingrueret,
1298 2147 1324 2208 si

130 2262 245 2324 Dacus
270 2261 526 2346 Germanusque
551 2264 675 2327 diversi
699 2264 928 2346 irrupissent.”

175 2381 242 2443 Hic
274 2402 339 2465 ego
371 2403 449 2445 cum
482 2382 699 2447 Viirtheimio
731 2403 807 2446 meo
839 2383 949 2446 facere
981 2392 1118 2465 paratus
1148 2405 1232 2459 sum,
1263 2405 1325 2468 pro

127 2523 262 2584 gnarus
298 2504 491 2566 coniicienti
527 2505 686 2586 ignarus:
728 2503 818 2586 apud
854 2502 1058 2567 Cremonam
1094 2505 1212 2567 vicisse
1247 2525 1326 2567 suos

131 2620 310 2702 ignorabat
331 2622 434 2685 etiam
455 2623 643 2696 Mucianus,
664 2642 732 2704 quo
754 2623 860 2704 magis
880 2622 962 2687 illud
983 2644 1003 2687 a
1023 2624 1126 2687 Dacis
1146 2625 1327 2688 imminens

130 2741 328 2824 periculum,
351 2751 470 2824 utpote
491 2743 524 2804 in
546 2763 581 2804 re
601 2743 752 2823 ancipiti,
775 2744 960 2807 metuebat.
987 2744 1065 2808 Non
1086 2745 1168 2827 quin
1188 2754 1222 2807 et
1244 2764 1325 2806 nun-

129 2862 197 2924 tius
233 2863 276 2924 de
312 2861 399 2924 felici
434 2861 522 2924 illius
557 2881 691 2945 pugnae
728 2862 823 2924 exitu
856 2862 1051 2926 Mucianum
1082 2883 1124 2926 eo
1156 2864 1326 2926 adducere

130 2983 280 3065 potuerit
313 2991 349 3045 ut
380 2983 483 3045 Dacis
513 2981 650 3044 obviam
682 2983 763 3044 iret:
796 2981 925 3044 sciebat
957 2984 1047 3045 enim
1080 2983 1206 3046 nullam
1237 3002 1326 3046 nunc

130 3121 268 3164 causam
292 3122 365 3164 esse
389 3121 448 3164 cur
472 3121 549 3163 cum
573 3100 681 3182 copiis
701 3101 768 3162 suis
788 3100 822 3162 in
843 3100 976 3163 Italiam
998 3112 1206 3183 properaret,
1227 3102 1325 3166 hoste

130 3221 178 3283 ibi
210 3240 230 3282 a
261 3221 431 3302 praesenti
464 3220 614 3283 exercitu
648 3219 813 3282 Flaviano
846 3220 913 3281 iam
946 3219 1136 3301 profligato.
1170 3220 1237 3285 Sed
1265 3243 1325 3304 pro

134 3340 278 3418 ,certior
302 3339 410 3402 factus
430 3340 473 3401 de
494 3339 713 3404 Cremonensi
735 3337 897 3401 victoria”
920 3338 1042 3401 Latine
1061 3339 1120 3401 vix
1139 3339 1206 3401 dici
1226 3360 1326 3422 posse

131 3459 284 3521 videtur:
313 3457 570 3537 ,Cremonensis
594 3461 755 3522 victoriae
780 3458 937 3541 gnarus.'’

179 3697 222 3760 H.
244 3699 305 3773 111,
329 3713 379 3778 50.
409 3698 606 3780 ,lFlavianil
631 3697 801 3760 exercitus
825 3698 996 3780 ducesque
1019 3697 1062 3761 ad
1087 3699 1219 3762 Fanum
1245 3701 1327 3763 For·

130 3826 234 3880 tunae
265 3820 328 3880 iter
351 3819 482 3894 sistunt,
508 3818 551 3880 de
574 3836 706 3879 summa
730 3835 841 3878 rerum
865 3825 1074 3891 cunctantes,
1099 3819 1191 3899 quod
1217 3827 1327 3883 motas

131 3958 175 4001 ex
212 3939 295 4000 urbe
332 3938 518 4019 praetorias
552 3937 711 4000 cohortes
742 3937 918 3999 audierant
948 3947 982 4000 et
1014 3940 1122 4001 teneri
1152 3941 1327 4022 praesidiis

131 4058 355 4139 Apenninum
380 4058 541 4120 rebantur
549 4084 556 4132 ;
583 4065 619 4120 et
639 4058 731 4139 ipsos
752 4058 784 4119 in
806 4059 944 4140 regione
965 4059 1055 4123 bello
1075 4061 1191 4124 attrita
1212 4061 1327 4145 inopia

131 4185 166 4239 et
199 4177 380 4240 seditiosae
412 4175 557 4238 militum
589 4196 692 4239 voces
723 4177 912 4252 terrebant,
945 4177 1129 4242 clavarium
1161 4180 1326 4262 (donativi

131 4317 257 4361 nomen
283 4300 345 4379 est)
371 4295 629 4379 flagitantium.”

179 4417 269 4498 Quid
294 4418 357 4480 sibi
383 4415 437 4479 hic
462 4417 526 4479 ista
550 4437 619 4479 vox
639 4418 725 4500 ipsos
745 4416 827 4479 velit
847 4417 939 4479 dicat
958 4420 1015 4498 qui
1036 4420 1131 4482 sciat.
1156 4420 1212 4483 An
1232 4423 1328 4485 duces
