3210 5274
769 403 828 470 271

202 563 343 626 monitis
366 583 407 626 eo
432 584 485 626 res
508 563 688 625 deducitur
713 571 749 624 ut
774 583 792 624 e
818 562 928 625 Ponto
953 583 1043 625 nova
1067 561 1183 643 religio
1205 561 1237 624 in
1260 562 1401 645 Aegyp-

202 691 277 745 tum
300 682 533 745 transferatur.

248 921 293 985 H.
319 922 363 997 Il,
393 923 441 984 16.
475 922 537 984 Per
562 922 631 984 vim
657 921 829 984 Decumus
853 921 1009 983 Pacarius
1034 929 1232 1003 procurator
1255 920 1398 984 insulam

203 1041 386 1116 Corsicam,
419 1061 506 1124 quae
539 1041 703 1104 hactenus
735 1039 863 1104 Othoni
891 1039 999 1103 fidelis
1024 1049 1203 1115 manserat,
1228 1040 1261 1103 in
1287 1050 1400 1123 partes

204 1162 334 1225 Vitellii
354 1161 532 1225 traducere
554 1169 675 1225 tentat.
697 1160 884 1225 Consilium
905 1162 1009 1225 habet
1029 1161 1230 1244 principum,
1245 1163 1398 1243 duosque

203 1282 377 1364 copiarum
401 1282 506 1343 duces
530 1289 649 1343 contra
673 1279 786 1342 dicere
809 1300 908 1343 ausos
933 1280 1075 1343 interfici
1100 1280 1210 1342 iubet:

249 1398 423 1481 ,Quorum
444 1408 554 1462 morte
572 1399 738 1474 exterriti,
758 1400 815 1481 qui
837 1401 988 1472 aderant,
1010 1399 1109 1462 simul
1122 1401 1238 1480 ignara
1250 1408 1284 1461 et
1297 1399 1397 1463 alieni

204 1526 313 1580 metus
337 1518 429 1581 socia
453 1519 697 1600 imperatorum
722 1518 822 1580 turba
846 1519 879 1580 in
906 1518 1010 1580 verba
1036 1518 1164 1581 Vitellii
1190 1519 1375 1582 iuravere.’'

160 1714 167 1722 .
245 1638 496 1721 Imperatorum
540 1646 591 1700 est
631 1637 664 1700 in
701 1638 837 1712 codice;
876 1658 964 1700 nunc
1001 1637 1200 1720 plerumque
1236 1638 1399 1720 probatur

202 1765 337 1820 vetusta
357 1758 523 1821 correctio
543 1758 786 1840 imperitorum.
812 1755 924 1838 Quam
949 1757 1064 1839 inepte
1086 1758 1255 1821 diceretur
1274 1759 1399 1842 rgrrara

203 1877 433 1959 imperitorum
468 1877 585 1952 turba,
627 1897 731 1958 quam
773 1876 920 1938 absurda
955 1896 995 1938 ea
1030 1885 1117 1939 esset
1153 1885 1255 1959 atque
1290 1878 1399 1940 inanis

203 1996 385 2059 verborum
417 1996 554 2059 ubertas
584 1997 728 2059 sensisse
761 1997 895 2057 videtur
928 2015 1039 2058 nemo.
1071 1995 1151 2058 Fuit
1182 2016 1258 2058 cum
1283 1998 1326 2059 ad
1352 1997 1399 2058 vi·

204 2115 343 2178 tandam
375 2116 475 2177 istam
507 2115 730 2197 tautologiam
768 2134 829 2196 pro
868 2115 992 2196 ignara
1028 2114 1209 2197 legendum
1243 2124 1397 2198 putarem

203 2235 338 2318 ignava,
363 2234 423 2297 sed
448 2235 548 2317 longe
574 2235 713 2298 meliora
738 2256 791 2297 me
815 2256 902 2297 unus
922 2256 940 2297 e
962 2236 1250 2303 commilitonibus
1271 2237 1397 2311 docuit,

203 2355 296 2417 cuius
329 2353 558 2417 felicissimum
588 2356 765 2417 inventum
790 2352 936 2416 libenter
961 2354 1014 2416 hic
1039 2374 1141 2436 pono.
1167 2355 1199 2416 Is
1224 2354 1313 2416 enim
1337 2356 1397 2418 im·

197 2484 395 2554 potatorum
432 2474 647 2535 retinendum
682 2475 742 2535 sed
777 2474 892 2535 statim
929 2481 1007 2554 post
1042 2474 1167 2556 ignara
1199 2476 1396 2555 ponendum

203 2593 302 2655 vidit:
343 2593 480 2674 „ignara
514 2593 757 2674 imperatorum
794 2601 828 2654 et
864 2592 963 2654 alieni
1001 2602 1111 2655 metus
1142 2594 1234 2655 socia
1265 2593 1396 2657 turba.''

203 2711 350 2775 Insulani
383 2712 436 2774 isti
470 2712 527 2772 vix
560 2713 633 2793 ipsa
657 2710 804 2773 Othonis
829 2710 1027 2792 Vitelliique
1053 2713 1189 2775 nomina
1213 2724 1395 2792 noverant;

202 2840 292 2893 certe
317 2840 392 2893 uter
416 2831 512 2912 peior
537 2839 624 2893 esset
650 2831 834 2912 imperator
859 2830 959 2912 plane
984 2831 1188 2911 ignorabant
1204 2833 1236 2914 Ι).

246 3069 291 3133 Η.
313 3071 356 3145 ΙΙ,
381 3064 431 3152 3'2.
457 3070 656 3134 Coniunctis
676 3069 841 3133 Caecinae
862 3078 897 3131 et
918 3069 1073 3132 Valentis
1094 3072 1201 3152 copiis
1223 3071 1397 3137 Vitelliani

203 3191 354 3252 certandi
378 3190 500 3253 ardent
524 3210 654 3264 amore;
680 3188 867 3253 Othoniani
892 3198 1004 3251 utrum
1025 3192 1139 3253 statim
1161 3193 1194 3253 in
1216 3194 1396 3256 discrimen

204 3329 272 3371 rem
291 3310 465 3372 adducant
485 3330 528 3372 an
549 3318 750 3391 exspectent
772 3308 875 3370 etiam
896 3308 1096 3372 deliberant.
1120 3311 1195 3373 Hoc
1215 3310 1396 3376 Suetonius

202 3426 359 3491 Paulinus
388 3430 529 3491 suadet:
561 3447 655 3490 mora
689 3427 936 3490 exhauriendas
968 3428 1115 3491 hostium
1149 3433 1236 3492 vires
1268 3442 1394 3508 censet,

201 3565 297 3609 suurn
328 3548 420 3610 enim
451 3548 639 3610 exercitum
664 3548 784 3609 eadem
809 3566 1012 3610 accrescere.
1039 3549 1120 3611 Eius
1145 3550 1248 3612 verba
1273 3559 1306 3613 et
1330 3551 1396 3615 alia

202 3674 278 3728 sunt
303 3675 337 3728 et
362 3666 464 3741 haec:

247 3787 386 3866 ,Paucis
410 3785 531 3849 diebus
554 3794 709 3867 quartam
732 3784 899 3880 decimam
920 3786 1089 3868 legionem
1109 3809 1266 3871 magnam
1287 3791 1393 3870 ipsam

196 3906 342 3986 samam,
368 3906 526 3968 Moesicis
551 3925 627 3967 cum
652 3905 759 3986 copiis
783 3904 932 3967 adfore.’'

243 4023 300 4089 Sic
320 4034 372 4087 est
392 4025 426 4086 in
447 4025 576 4086 codice.
598 4023 763 4085 Probatur
784 4021 853 4084 lere
874 4022 1018 4086 Candidi
1039 4026 1249 4087 emendatio:
1271 4049 1394 4111 magua

201 4145 304 4226 ipsam
322 4147 437 4228 sama.
463 4144 654 4226 Perperam,
680 4152 717 4205 ut
741 4142 872 4224 opinor.
900 4141 990 4205 Nihil
1016 4144 1105 4206 enim
1130 4147 1282 4227 sequitur
1300 4152 1393 4230 quod

236 4406 261 4471 r)
271 4406 372 4453 Auctor
381 4404 559 4469 lepidissimae
571 4405 761 4454 emendationis
772 4405 803 4451 Α.
816 4403 945 4450 Rurotttts
956 4412 1010 4450 tux
1023 4414 1076 4451 osu
1088 4404 1177 4452 losrr·
1187 4405 1226 4454 lit.
1237 4405 1307 4455 hum.
1317 4408 1394 4458 caud.
