3210 5274
646 385 706 464 a&

125 582 207 644 „nec
238 563 360 645 opibus
392 562 555 625 societate
579 560 782 624 validiorum
806 561 913 623 attriti
939 560 1041 640 (viros
1066 568 1198 623 tantum
1224 580 1276 622 ar·

77 704 203 767 maque
236 683 379 767 imperio
412 682 663 764 ministrabant)
695 683 753 744 diu
778 681 988 745 Germanicis
1011 680 1107 743 bellis
1131 681 1273 743 exerciti

78 801 218 886 eqs”

125 922 214 985 Nam
247 921 338 1003 quod
362 920 477 1004 opibus
499 929 551 983 est
574 920 742 984 ablativus
767 941 799 1002 q.
814 920 846 981 d.
871 921 986 1002 partis,
1009 919 1159 982 societate
1181 919 1274 981 abla-

78 1043 169 1105 tivus
204 1060 325 1104 causae
356 1040 389 1102 in
423 1040 545 1103 Tacito
577 1039 718 1102 sortasse
749 1039 827 1102 ferri
858 1039 962 1101 debet
992 1046 1184 1121 potestque.
1216 1037 1274 1099 An

78 1161 191 1243 opibus
210 1180 347 1243 quoque
368 1156 575 1222 delendum?
595 1158 718 1223 Carere
737 1168 830 1221 certe
850 1179 891 1221 eo
905 1157 1071 1221 vocabulo
1085 1176 1275 1240 possumus.

125 1280 177 1342 De
203 1280 340 1343 Batavis
363 1279 487 1342 eodem
511 1279 623 1360 capite
647 1288 682 1341 et
707 1279 790 1341 haec
815 1278 989 1361 leguntur:

128 1398 256 1479 „Erant
287 1408 321 1460 et
356 1398 448 1460 domi
482 1397 634 1461 delectus
666 1417 779 1481 eques,
813 1399 997 1480 praecipuo
1022 1397 1125 1460 nandi
1150 1397 1273 1472 studio,

79 1538 174 1581 arma
194 1538 370 1600 equosque
391 1519 541 1581 retinens
562 1517 701 1599 integris
720 1517 840 1580 turmis
854 1517 1011 1580 Rhenum
1025 1515 1277 1600 perrumpere.''

128 1637 192 1699 Pro
215 1648 313 1700 erant
337 1646 429 1700 recte
453 1636 654 1720 plerumque
678 1637 893 1712 editorem,
914 1636 1039 1699 deinde
1060 1637 1093 1699 in
1115 1636 1182 1699 fine
1202 1636 1278 1711 loci,

81 1766 118 1819 ut
142 1755 300 1819 infinitivi
321 1765 492 1819 constaret
516 1757 613 1830 rati0‚
637 1755 693 1819 alii
714 1767 833 1831 suetus,
858 1755 913 1818 alii
937 1756 1063 1832 solitus,
1082 1755 1139 1819 alii
1155 1756 1278 1820 exerci-

81 1887 144 1951 tus,
170 1875 226 1938 alii
251 1876 398 1958 denique
425 1876 539 1938 doctus
565 1876 779 1951 adiecerunt,
811 1895 956 1957 quorum
987 1876 1070 1939 nihil
1102 1885 1153 1939 est
1184 1876 1277 1958 quod

83 2015 152 2057 non
172 2003 323 2076 praestet
344 1994 477 2057 illorum
498 1995 686 2069 conatibus,
708 1995 765 2077 qui
787 2015 830 2057 ex
849 2007 947 2058 erant
966 1995 1133 2058 fecerunt:
1154 2007 1278 2070 suerat,

82 2113 254 2186 adsuerat,
287 2114 437 2177 insuerat
467 2114 578 2176 simm.
611 2113 812 2209 Admodum
843 2112 1003 2195 languida
1027 2124 1141 2177 tamen
1163 2116 1278 2178 omnia

83 2234 141 2298 illa
164 2242 243 2297 sunt
266 2235 511 2297 additamenta.
537 2234 707 2315 Equidem
732 2235 779 2296 sic
804 2233 986 2316 legendum
1010 2254 1151 2297 censeo:

133 2354 237 2434 ‚Erat
267 2362 302 2416 et
334 2354 427 2417 domi
455 2354 608 2417 delectus
632 2374 745 2435 eques,
771 2355 955 2438 praecipuo
980 2353 1081 2417 nandi
1106 2354 1219 2417 studio
1244 2342 1281 2418 r'rt

84 2494 178 2537 arma
199 2493 373 2555 equosque
392 2473 543 2536 retinens
563 2474 702 2556 integris
714 2475 833 2537 turmis
847 2446 1003 2538 Rhenum
1011 2471 1279 2559 perrumperet.”

134 2592 179 2657 Ut
199 2618 239 2644 =
260 2593 307 2656 sic
331 2601 377 2667 ut,
402 2600 500 2656 tanto
523 2594 637 2656 studio
661 2601 708 2656 ut.

131 2830 175 2893 H.
197 2831 258 2908 lv,
281 2849 333 2913 34.
354 2830 470 2895 Civilis
490 2831 669 2895 obsidione
690 2832 822 2895 clausos
842 2833 1016 2903 Romanos
1036 2841 1157 2897 tenens
1170 2842 1282 2897 osten·

86 2931 198 3015 tandis
231 2951 364 3014 vexillis
387 2951 559 3033 signisque
583 2952 692 3032 captis
716 2971 775 3013 eos
799 2959 835 3012 ut
859 2959 970 3014 castra
993 2953 1121 3015 dedant
1144 2954 1283 3035 adigere

86 3081 239 3134 conatur.
260 3071 417 3134 Frustra:
440 3091 524 3134 unus
543 3072 633 3134 enim
654 3091 672 3133 e
693 3071 837 3152 captivis
858 3070 947 3134 clara
969 3091 1053 3133 voce
1077 3093 1135 3135 eos
1158 3072 1283 3137 edocet

87 3210 165 3252 eum
189 3210 261 3253 esse
283 3190 530 3254 Germanorum
550 3199 678 3254 statum
698 3199 735 3253 ut
756 3190 919 3253 Romanis
941 3190 1079 3252 minime
1099 3192 1142 3253 sit
1163 3193 1282 3275 despe-

87 3311 240 3372 randum.
266 3311 412 3374 Addunt
433 3311 536 3374 etiam
556 3312 688 3375 animos
708 3311 802 3393 ignes
823 3309 986 3384 villarum,
1005 3311 1283 3393 appropinquan-

86 3430 129 3491 tis
160 3429 301 3493 subsidii
334 3431 477 3512 signum.
509 3430 651 3495 Alacres
682 3450 764 3513 ergo
795 3428 961 3513 proelium
985 3429 1111 3493 milites
1136 3431 1281 3494 Romani

87 3557 250 3631 poscunt:

135 3668 208 3750 „Ne
232 3677 388 3752 tempore
413 3671 551 3752 quidem
576 3670 619 3732 ad
644 3670 868 3732 ordinandam
893 3671 1001 3732 aciem
1021 3678 1132 3752 capto,
1155 3671 1284 3734 incom-

88 3789 189 3870 positi
221 3788 366 3871 fessique
398 3787 564 3871 proelium
596 3807 780 3869 sumpsere.
807 3787 895 3849 Nam
920 3787 1035 3851 Civilis
1059 3789 1188 3864 aderat,
1213 3809 1283 3852 non

89 3909 199 3970 minus
223 3909 312 3970 vitiis
336 3927 438 3990 quam
464 3909 588 3970 virtute
612 3927 747 3969 suorum
773 3906 911 3969 fretus.’'

131 4027 241 4102 Nam;
267 4028 360 4090 cuius
383 4047 465 4109 ergo
490 4028 536 4089 rei
558 4027 611 4089 hic
633 4026 719 4088 ratio
740 4023 911 4086 redditur?
933 4025 1064 4088 Nullius
1085 4036 1121 4089 ut
1142 4029 1282 4109 opinor:

88 4147 199 4228 pergit
231 4148 470 4209 tantummodo
502 4146 660 4209 narratio.
693 4145 786 4227 Ergo
818 4165 880 4227 pro
911 4166 986 4208 nam
1017 4146 1201 4228 legendum
1232 4157 1284 4210 est

88 4265 154 4328 iam
180 4263 244 4339 vel,
269 4266 361 4347 quod
388 4274 538 4346 praestat
562 4267 675 4337 etiam.
701 4266 841 4345 iamque.
