3210 5274
771 416 836 482 219

195 580 436 663 praedixisset,
463 581 635 662 vulgoque
658 581 703 643 ab
728 582 916 644 editoribus
937 602 977 645 ea
997 583 1191 644 coniectura
1212 583 1244 642 in
1266 589 1399 642 textum

202 701 376 783 recipitur.
395 700 446 763 At
463 722 529 782 ego
549 702 661 765 bonae
677 703 897 785 sinceraeque
912 703 1108 765 Latinitatis
1121 720 1192 765 esse
1205 724 1243 764 ea
1256 702 1402 784 imagine

198 822 408 902 gravitatem
440 842 591 884 annonae
614 824 794 905 praedixit
825 843 892 885 non
924 824 1043 897 credo,
1077 823 1156 904 quia
1186 843 1224 884 ea
1256 822 1402 903 imagine

205 940 305 1002 nobis
335 940 383 1002 sic
415 942 479 1003 erit
510 942 749 1023 accipiendum
783 951 821 1004 ut
852 943 912 1004 sit:
946 953 1088 1025 prepter
1119 962 1191 1004 eam
1223 942 1401 1022 imaginem

202 1060 294 1121 sive:
314 1081 353 1123 ea
375 1061 522 1144 imagine
541 1074 658 1137 motus,
680 1071 714 1124 et
737 1063 877 1124 omnino
897 1070 1007 1124 totum
1029 1062 1111 1124 illud
1124 1083 1161 1123 ea
1176 1061 1403 1143 -praedixit

201 1177 403 1260 languidum
429 1181 635 1262 minimeque
660 1181 839 1244 Taciteum
865 1182 1008 1243 videtur.
1036 1181 1144 1243 Multo
1169 1201 1250 1263 ergo
1272 1180 1400 1254 meliuS,

203 1299 297 1380 quod
343 1301 521 1382 proposuit
565 1301 837 1364 Cornelissenus:
880 1323 980 1383 eaqne
1018 1302 1163 1384 imagine
1193 1302 1399 1384 gravitatem

204 1437 356 1480 annonae
379 1420 540 1500 pertendi
564 1407 801 1503 praedixisset.
851 1419 919 1484 Sed
952 1420 1016 1483 hoc
1048 1441 1185 1502 quoque
1219 1422 1400 1484 verbosum

205 1537 317 1612 nimis,
351 1539 493 1621 ipsaque
523 1541 718 1603 coniectura
750 1540 926 1622 aliquanto
959 1541 1060 1602 etiam
1094 1540 1275 1602 violentior
1299 1560 1401 1620 quam

206 1656 432 1721 Rhenaniana
452 1658 519 1734 illa,
540 1679 628 1740 quae
649 1668 683 1721 et
704 1661 777 1742 ipsa
797 1660 878 1721 satis
899 1658 1022 1721 audax.
1051 1657 1222 1739 Equidem
1243 1658 1401 1720 Tacitum

204 1777 379 1859 scripsisse
412 1779 551 1860 opinor:
582 1799 717 1860 eamque
740 1780 919 1861 imaginem
943 1798 1090 1840 annonae
1113 1778 1260 1850 dixisset,
1287 1777 1401 1838 deleto

200 1899 421 1980 gravitatem,
452 1898 547 1978 quod
580 1907 631 1959 est
664 1897 867 1960 vocabulum
901 1898 1029 1971 tritum,
1063 1896 1119 1958 ubi
1146 1897 1189 1957 de
1212 1904 1312 1957 aucto
1337 1895 1401 1957 sru-

205 2017 313 2078 menti
346 2017 457 2098 pretio
488 2017 600 2098 agitur
632 2016 685 2098 (cl.
719 2016 779 2090 VI,
819 2035 873 2097 13:
909 2016 1096 2098 ,gravitate
1127 2035 1282 2077 annonae
1308 2015 1402 2077 iuxta

203 2135 412 2197 seditionem
443 2134 630 2216 ventum”).
678 2135 756 2198 Non
789 2136 898 2198 solum
930 2136 1062 2197 viderat
1094 2144 1295 2197 nocturnam
1327 2155 1402 2196 eam

203 2254 357 2336 speciem
384 2254 493 2327 Petra,
517 2255 577 2316 sed
602 2255 705 2316 etiam
729 2253 949 2335 evulgaverat
970 2255 1041 2335 ipse
1063 2255 1153 2334 (nam
1173 2253 1323 2334 alioquin
1344 2254 1402 2335 qui

208 2375 424 2436 innotescere
446 2374 558 2456 potuit
579 2374 788 2436 delatoribus
798 2372 820 2454 i)
843 2393 953 2454 neque
974 2372 1192 2453 evulgaverat
1212 2372 1321 2434 solum
1342 2373 1401 2434 sed

208 2495 315 2555 etiam
339 2492 438 2554 simul
459 2491 507 2555 ita
527 2501 600 2554 erat
621 2493 865 2574 interpretatus
886 2502 922 2555 ut
943 2492 1170 2555 infaustissimi
1192 2492 1314 2555 ominis
1335 2491 1404 2553 vim

208 2611 362 2673 haberet.
401 2611 539 2673 Etenim
563 2612 591 2672 si
616 2612 729 2692 imago
754 2611 810 2673 illa
835 2611 966 2674 Claudii
991 2613 1105 2694 spicea
1129 2632 1254 2674 corona
1279 2611 1404 2673 evincti

206 2730 250 2792 ad
275 2749 447 2792 annonam
474 2730 651 2794 reserenda
675 2740 738 2804 est,
757 2733 961 2812 gravitatem
983 2733 1228 2813 caritatemque
1248 2751 1405 2793 annonae

205 2868 248 2911 ea
270 2848 453 2931 significari
478 2859 601 2932 sponte
625 2850 788 2931 sequitur,
812 2850 980 2931 siquidem
1005 2870 1150 2913 coronae
1174 2851 1289 2932 spicae
1313 2863 1404 2913 retra

206 2989 393 3032 conversae
410 2977 518 3031 erant.
544 2967 579 3033 Si
599 2978 735 3031 narrato
748 2971 881 3031 somnio
894 2969 958 3031 hoc
972 2970 1082 3032 solum
1094 2970 1244 3034 addidit:
1257 2990 1405 3032 annonae

206 3090 320 3172 imago
342 3111 381 3152 ea
404 3101 462 3164 est,
488 3100 523 3169 et
547 3090 724 3173 perspicue
750 3091 831 3152 satis
855 3098 906 3152 est
930 3089 1064 3152 locutus
1088 3099 1122 3151 et
1147 3091 1179 3151 id
1207 3090 1293 3151 dixit
1310 3090 1402 3171 quod

209 3206 372 3271 Claudius
393 3229 462 3271 non
483 3229 583 3291 aegre
605 3209 690 3271 serre
711 3229 778 3271 non
800 3218 932 3290 posset:
955 3228 1032 3272 nam
1054 3210 1212 3291 cuiquam
1231 3231 1266 3271 se
1280 3210 1404 3271 civium

211 3328 424 3389 tristissimae
456 3329 503 3390 rei
536 3328 692 3391 nuntium
724 3330 920 3410 apparuisse
952 3348 1029 3391 cum
1058 3328 1174 3392 dolore
1199 3349 1404 3410 cognoscere

210 3446 372 3520 debebat,
399 3466 475 3508 cum
501 3447 700 3529 praesertim
726 3456 800 3510 tota
825 3469 876 3510 res
900 3449 1066 3511 eiusmodi
1091 3457 1189 3522 esset,
1212 3458 1248 3509 ut
1268 3448 1365 3510 facile
1386 3469 1406 3511 a

211 3565 369 3647 malignis
387 3567 419 3627 in
434 3556 544 3649 ip'sum
558 3575 674 3648 posset
687 3569 841 3630 converti
855 3569 1052 3630 instantium
1067 3568 1274 3630 miseriarum
1288 3568 1404 3649 culpa!

255 3683 299 3746 A.
325 3684 385 3759 XI,
412 3701 442 3767 7.
468 3683 550 3749 Silio
575 3685 725 3759 consule,
751 3695 787 3748 ut
811 3687 1001 3749 delatorum
1023 3687 1199 3749 cohiberet
1216 3687 1404 3761 libidinem,

207 3804 252 3865 de
272 3804 466 3866 reducenda
479 3802 553 3885 lege
568 3804 684 3867 Cincia
698 3804 874 3878 referente,
890 3804 1033 3880 Suillius,
1049 3807 1267 3870 Cossutianus
1280 3807 1404 3888 aliique

207 3921 482 3996 calumniatores,
507 3942 654 4004 poenam
679 3922 742 3985 sibi
765 3923 827 3985 hac
849 3923 1012 3986 relatione
1034 3928 1142 4007 parari
1165 3927 1402 4007 intelligentes,

207 4044 332 4106 acriter
344 4042 526 4105 obsistunt.
540 4041 693 4123 Quorum
715 4044 904 4106 orationem
918 4046 965 4107 sic
980 4045 1103 4108 reserre
1116 4046 1254 4109 Tacitus
1267 4048 1403 4129 incipit:

258 4161 390 4244 ,Quem
422 4162 516 4224 illurn
548 4171 645 4225 tanta
675 4163 835 4244 superbia
867 4185 939 4226 esse
972 4174 1007 4227 ut
1032 4169 1269 4228 aeternitatem
1295 4166 1404 4229 famae

210 4303 270 4366 spe
292 4279 508 4365 praesumat?
531 4281 615 4345 Usui
636 4291 671 4344 et
692 4284 792 4344 rebus
812 4284 998 4346 subsidium
1014 4288 1133 4367 parari,
1148 4307 1189 4347 ne
1203 4288 1277 4366 quis
1290 4287 1405 4368 inopia

211 4403 458 4464 advocatorum
483 4401 683 4484 potentibus
707 4401 877 4464 obnoxius
901 4403 977 4464 sit.'’
