3210 5274
784 402 824 468 53

249 565 341 627 Ann.
368 566 393 640 l,
424 582 472 647 19.
497 565 759 629 Tumultuantes
783 568 978 631 Pannoniae
1003 569 1127 631 milites
1150 570 1184 630 in
1209 568 1401 649 praesentia

202 683 352 766 placavit
377 683 515 747 Blaesus
539 684 685 766 legatus:
712 686 981 767 impetraverunt
1004 687 1049 750 ab
1071 707 1113 749 eo
1135 694 1171 748 ut
1191 687 1295 767 ipsius
1314 685 1402 748 filius

202 803 349 866 Romam
386 804 587 879 mitteretur,
624 807 681 887 qui
718 806 889 887 postulata
923 827 983 869 sua
1017 806 1084 888 (vel
1119 807 1232 887 potius
1267 813 1399 887 partem

201 924 333 1000 eorum)
358 924 401 986 ad
426 923 621 1004 Augustum
646 924 824 1006 perferret:

251 1043 428 1122 „Profecto
448 1045 570 1107 iuvene
591 1045 762 1107 modicum
782 1045 904 1121 otium;
926 1046 986 1107 sed
999 1045 1173 1126 superbire
1187 1045 1292 1119 miles,
1307 1046 1399 1130 quod

201 1162 290 1225 filius
309 1163 411 1245 legati
433 1171 548 1226 orator
568 1163 724 1245 publicae
744 1183 865 1226 causae
885 1165 966 1226 satis
986 1164 1183 1226 ostenderet
1200 1164 1401 1226 necessitate

203 1300 375 1362 expressa,
400 1301 487 1362 quae
512 1302 572 1363 per
596 1282 798 1344 modestiam
824 1302 891 1344 non
916 1281 1184 1345 obtinerentur’'.

250 1397 471 1476 Λογικώτερον,
492 1408 529 1462 ut
549 1401 681 1481 opinor,
702 1400 767 1463 hoc
787 1400 888 1463 soret:
915 1403 1136 1480 „necessitate
1156 1403 1300 1484 exprimi
1314 1422 1401 1483 qnae

202 1538 265 1600 per
290 1520 492 1582 modestiam
518 1538 585 1582 non
610 1519 861 1594 obtineantur”,
887 1541 965 1583 nam
989 1541 1107 1583 revera
1131 1521 1296 1583 nihildum
1317 1521 1401 1584 mili-

202 1646 255 1701 tes
283 1639 564 1720 ,expresserunt”
588 1641 650 1702 nisi
675 1647 712 1702 ut
736 1641 867 1702 iuvenis
891 1640 945 1703 ille
970 1649 1084 1703 orator
1104 1640 1259 1722 publicae
1280 1660 1401 1702 causae

203 1758 406 1821 mitteretur.
439 1756 507 1822 Sed
540 1758 617 1821 hinc
650 1759 731 1821 dum
761 1759 955 1841 generalem
980 1759 1154 1821 deducunt
1178 1759 1399 1820 sententiam:

206 1878 302 1960 ,plus
333 1880 535 1942 necessitate
565 1899 668 1960 quam
701 1879 869 1944 modestia
898 1877 1105 1960 proficitur‘’,
1130 1877 1227 1940 simul
1251 1878 1315 1940 sibi
1340 1878 1401 1941 fin-

201 2009 286 2081 gunt
307 1999 522 2082 impetratum
543 2000 611 2062 iam
631 2019 699 2062 esse
718 1999 810 2080 quod
832 2007 1009 2080 rogaturus
1028 1999 1131 2060 etiam
1152 1998 1207 2059 ille
1221 2006 1283 2072 est,
1296 2008 1399 2079 atque

203 2118 236 2180 id
261 2116 411 2199 generali
436 2117 482 2179 illi
506 2119 696 2180 sententiae
721 2117 909 2180 innectunt.

247 2237 341 2299 Ann.
366 2236 428 2311 IV,
453 2237 506 2298 62.
532 2237 684 2299 Fidenae
709 2235 998 2317 amphitheatrum
1022 2236 1148 2298 corruit
1171 2243 1206 2298 et
1227 2235 1400 2317 ingentem

203 2356 434 2439 spectantium
459 2355 711 2417 multitudinem
735 2355 864 2436 operit:

252 2473 318 2554 ,Et
342 2473 389 2536 illi
413 2475 564 2555 quidem,
589 2493 675 2554 quos
698 2474 900 2555 principium
925 2474 1047 2554 stragis
1070 2474 1103 2535 in
1129 2481 1273 2535 mortem
1294 2474 1399 2536 afflix-

202 2601 287 2668 erat,
313 2603 350 2656 ut
373 2593 432 2656 tali
456 2601 558 2668 sorte,
578 2594 764 2656 cruciatum
785 2592 950 2674 effugere:
973 2594 1153 2655 miserandi
1176 2595 1292 2675 magis,
1314 2614 1399 2675 quos

200 2714 349 2795 abrupta
373 2720 471 2795 parte
494 2713 647 2794 corporis
671 2713 823 2775 nondum
848 2713 918 2774 vita
941 2711 1168 2775 deseruerat”.

247 2832 443 2897 Cruciatum
475 2832 596 2914 aliquis
626 2831 739 2894 subita
767 2840 875 2893 morte
893 2832 995 2914 plane
1018 2831 1145 2913 effugit,
1170 2840 1215 2906 et,
1240 2833 1266 2893 si
1290 2852 1399 2913 gram·

202 2953 349 3015 maticae
381 2953 547 3015 rationem
579 2950 754 3025 habemus,
779 2950 932 3031 ineptum
957 2958 1008 3013 est
1033 2950 1197 3014 eiusmodi
1222 2953 1399 3015 enuntiato

200 3075 329 3137 addere
354 3072 482 3154 aliquid
507 3072 600 3153 quod
621 3071 689 3133 vim
710 3069 834 3132 habeat
856 3071 1029 3133 minuendi
1050 3071 1099 3152 (ut
1118 3072 1181 3134 tali
1197 3072 1307 3153 sorte).
1330 3070 1397 3134 Sed

202 3192 342 3255 Tacitus
368 3190 593 3253 bimembrem
619 3189 706 3251 hanc
729 3188 933 3251 sententiam
958 3191 992 3252 in
1018 3211 1119 3252 unam
1142 3189 1329 3251 contrahit:

246 3321 284 3374 ut
319 3311 378 3373 tali
414 3319 505 3373 sorte
540 3309 655 3372 felices
690 3316 786 3370 erant
822 3309 1058 3389 praedicandi:
1090 3310 1276 3370 cruciatum
1307 3311 1397 3372 enim

202 3431 362 3513 effugere.

247 3549 465 3614 Simillimum
489 3556 541 3610 est
565 3548 657 3629 quod
683 3546 784 3628 paulo
809 3553 886 3628 post
910 3545 1032 3627 legitur
1056 3565 1084 3607 c.
1109 3547 1167 3626 63:

250 3668 429 3750 ,Ceterum
456 3668 520 3731 sub
544 3675 717 3729 recentem
741 3665 874 3728 cladem
899 3674 1039 3746 patuere
1063 3684 1242 3746 procerum
1266 3666 1396 3741 domus,

200 3788 356 3850 fomenta
387 3797 422 3849 et
455 3770 578 3849 medici
610 3786 734 3868 passim
767 3783 930 3865 praebiti;
963 3783 1092 3864 luitque
1125 3782 1204 3845 urbs
1236 3804 1296 3864 per
1325 3783 1399 3846 illos

200 3907 286 3978 dies,
319 3925 526 3987 quamquam
551 3913 681 3967 maesta
705 3903 800 3976 facie,
826 3911 979 3965 veterum
1005 3903 1166 3965 institutis
1189 3902 1315 3976 similis,
1341 3904 1397 3984 qui

201 4043 327 4105 magna
355 4031 433 4105 post
456 4023 585 4105 proelia
609 4024 740 4085 saucios
764 4021 942 4103 largitione
966 4029 1000 4083 et
1026 4042 1105 4083 cura
1128 4020 1397 4084 sustentabant’'.

249 4145 382 4207 Revera
413 4144 447 4206 in
478 4143 536 4206 illo
560 4153 686 4205 maesta
709 4143 806 4222 facie
837 4141 919 4203 nihil
951 4149 1001 4202 est
1026 4142 1118 4222 quod
1143 4141 1398 4204 similitudinem

203 4264 295 4326 illam
328 4263 523 4338 imminuat,
557 4281 635 4323 nam
665 4260 768 4321 etiam
794 4268 871 4348 post
896 4279 1018 4340 magna
1043 4259 1170 4342 proelia
1195 4280 1263 4323 non
1288 4262 1399 4325 minus

203 4393 255 4446 est
280 4383 471 4445 moestitiae
492 4384 526 4444 in
548 4381 630 4444 urbe
651 4400 753 4461 quam
774 4388 856 4441 tunc
876 4387 954 4459 post
973 4378 1115 4454 cladem,
1137 4401 1224 4462 quae
1246 4382 1398 4446 Fidenae
