3210 5274
695 372 698 379 Ι
773 399 832 462 281

200 599 241 643 ea
274 579 470 642 coniectura
501 599 590 642 nunc
621 579 821 663 plerumque
853 578 1026 663 probatur.
1070 577 1120 640 At
1151 596 1227 659 ego,
1260 583 1298 638 ut
1328 575 1395 638 iarn

201 699 390 762 concedam
420 719 520 762 versa
543 699 632 783 fides
663 707 755 762 recte
787 699 854 762 dici
886 700 957 762 sive
981 718 1043 781 pro
1067 717 1109 760 eo
1133 697 1224 779 quod
1249 703 1302 758 est
1324 694 1396 758 sub·

200 841 299 883 versa
317 819 405 904 fides
426 820 498 881 sive
521 818 564 881 ad
589 819 849 901 significandum
873 820 1005 882 animos
1030 817 1173 881 militum
1195 815 1397 879 Vitelliano·

202 958 276 1003 rum
302 959 338 1002 se
362 939 570 1002 convertisse
595 940 638 1002 ad
664 938 923 1021 Vespasianum,
948 939 1031 1021 quid
1055 957 1143 1000 nunc
1168 938 1257 999 istud
1286 937 1396 1018 ,apud

203 1056 427 1121 Vitellianos''
450 1059 515 1121 sibi
539 1058 622 1121 velit
646 1079 739 1142 rogo.
762 1058 862 1122 Nulla
886 1060 977 1121 enim
997 1057 1053 1120 hic
1074 1056 1112 1119 fit
1133 1057 1315 1140 oppositi0‚
1336 1056 1396 1118 sed

202 1184 236 1239 et
263 1178 446 1261 impunitas
469 1178 526 1241 illa
550 1187 584 1241 et
606 1166 764 1243 subdersa
789 1178 844 1242 illa
870 1177 923 1241 vel
946 1197 1103 1241 conversa
1119 1176 1209 1258 fides
1232 1176 1265 1238 in
1298 1173 1396 1239 Vitel-

202 1297 304 1361 lianis
334 1297 452 1360 castris
482 1318 577 1361 suam
608 1298 672 1360 sibi
703 1299 820 1362 sedem
852 1298 991 1361 habent.
1024 1295 1286 1359 Pulcherrimam
1315 1314 1397 1357 vero

201 1416 419 1491 sententiam,
450 1417 544 1480 cuius
577 1418 729 1480 membra
756 1417 891 1499 egregie
915 1417 1003 1478 inter
1026 1436 1061 1478 se
1086 1424 1314 1498 opponantur,
1338 1413 1397 1477 ob·

200 1535 350 1599 tinemus
380 1556 443 1618 pro
474 1535 576 1599 verba
609 1537 755 1618 legendo
787 1556 855 1599 non
886 1556 985 1599 versa
1008 1536 1067 1598 sed
1092 1534 1303 1597 correctione
1328 1552 1396 1595 non

202 1655 313 1717 minus
344 1653 421 1729 leni,
454 1654 596 1718 sortasse
620 1654 756 1718 leniori:
779 1667 887 1720 certa:
912 1655 1074 1737 quamdiu
1101 1655 1193 1736 apud
1218 1652 1397 1715 Vitellium

202 1773 365 1836 manebat
389 1774 496 1849 mileS,
516 1775 656 1857 impune
677 1776 823 1857 quodvis
843 1775 1007 1857 flagitium
1026 1774 1241 1836 committere
1263 1781 1398 1854 poterat

203 1893 248 1975 (et
269 1894 447 1979 flagitium
480 1895 513 1956 in
539 1915 574 1957 re
600 1894 734 1958 militari
759 1895 840 1976 quid
866 1904 954 1957 esset
979 1895 1126 1956 diximus
1150 1912 1226 1974 pag.
1251 1892 1295 1954 66
1318 1891 1396 1971 sq.);

201 2012 407 2094 simulatque
445 2013 612 2076 transibat
647 2014 691 2076 ad
725 2012 973 2095 Vespasianum
1009 2018 1140 2074 certum
1176 2010 1206 2072 ei
1242 2016 1398 2092 paratum

203 2141 275 2195 erat
301 2133 499 2215 praemium.
528 2132 731 2196 Vitellianus
762 2152 844 2215 ergo
875 2131 971 2195 miles
1000 2129 1088 2193 male
1116 2149 1152 2191 se
1176 2128 1336 2210 gerendo,
1362 2135 1399 2190 ut

203 2273 265 2316 nos
295 2252 474 2334 loquimur,
511 2253 686 2332 ,amittere
717 2261 852 2334 poterat
885 2251 967 2315 nihil
998 2250 1117 2313 lucrari
1150 2246 1288 2311 multa.'’
1325 2246 1398 2326 ,Ac

207 2371 373 2454 reliquum
407 2372 570 2456 perfidiae
602 2371 798 2436 certamen”
829 2372 969 2435 Tacitus
991 2370 1099 2446 addit,
1124 2370 1145 2432 i.
1169 2389 1198 2432 e.
1223 2368 1402 2431 certabant

205 2511 287 2573 ergo
319 2492 407 2554 inter
439 2512 475 2555 se
506 2493 582 2575 quis
606 2513 673 2556 non
698 2493 866 2556 servando
889 2499 1103 2555 sacramento
1127 2510 1188 2553 suo
1214 2488 1399 2552 maximum

206 2618 295 2673 esset
319 2592 468 2674 facturus
492 2612 632 2674 lucrum.

248 2848 293 2911 H.
318 2849 380 2923 III,
404 2849 458 2930 63.
483 2850 671 2913 Transituri
699 2869 780 2931 ergo
805 2850 839 2911 in
865 2859 978 2931 partes
999 2848 1173 2912 Vitelliani
1195 2846 1319 2909 milites
1337 2844 1401 2908 sub

204 2969 308 3050 signis
340 2968 540 3051 vexillisque
571 2969 605 3031 in
637 2989 778 3052 campos
809 2968 957 3032 Narniae
980 2969 1152 3032 subiectos
1175 2966 1399 3040 descendunt,

207 3087 263 3150 ubi
287 3089 402 3151 densis
425 3089 601 3152 ordinibus
624 3097 716 3153 stant
742 3089 913 3152 Flaviani:

255 3206 422 3290 ,Accepti
447 3209 480 3270 in
506 3209 656 3271 medium
681 3207 855 3270 Vitelliani
876 3216 911 3270 et
932 3206 1158 3270 circumdatos
1180 3206 1309 3268 Primus
1330 3204 1402 3267 An·

209 3328 322 3390 tonius
352 3328 538 3391 clementer
561 3327 766 3409 adloquitur.
799 3329 877 3390 Pars
902 3327 1060 3401 Narniae,
1085 3347 1162 3410 pars
1186 3327 1402 3389 Interamnae

208 3447 390 3510 subsistere
421 3448 518 3523 iussi;
551 3447 688 3510 relictae
719 3448 818 3511 simul
842 3469 860 3510 e
885 3448 1080 3511 victricibus
1104 3448 1264 3530 legiones,
1291 3466 1401 3528 neque

209 3568 461 3648 quiescentibus
484 3588 604 3648 graves
629 3575 664 3630 et
686 3568 848 3631 adversus
871 3568 1123 3631 contumaciam
1147 3565 1312 3631 validae.”

252 3688 355 3751 Haud
376 3687 479 3751 dubie
498 3688 639 3772 legiones
658 3698 855 3770 corruptum
875 3698 943 3764 est;
966 3709 1034 3752 non
1055 3689 1146 3752 enim
1169 3708 1310 3771 magnus
1329 3695 1401 3751 erat

208 3806 261 3871 ille
298 3808 478 3870 custodum
514 3828 688 3882 numeruS,
724 3808 892 3888 siquidem
927 3809 1061 3871 disertis
1096 3810 1259 3871 docemur
1290 3807 1402 3870 verbis

207 3925 356 4007 sufficere
378 3946 447 4001 eos,
472 3926 555 3989 nihil
578 3926 732 4010 amplius,
758 3927 801 3989 ad
826 3926 1016 4002 dediticios,
1038 3928 1064 3988 si
1085 3948 1171 4010 opus
1191 3936 1273 4003 erat,
1295 3927 1402 3989 conti·

209 4046 351 4107 nendos.
376 4044 422 4107 Et
446 4045 595 4126 ipsorum
620 4044 892 4120 Vitellianorum,
918 4046 975 4128 qui
1000 4048 1033 4108 in
1056 4056 1169 4128 partes
1189 4047 1403 4119 transierant,

210 4183 238 4226 c.
270 4163 313 4246 67
346 4162 487 4245 legimus
523 4163 622 4226 luisse
657 4185 757 4227 unam
793 4164 963 4248 legionem
998 4173 1033 4226 et
1068 4166 1199 4247 aliquot
1234 4165 1406 4227 cohortes.

212 4283 284 4345 Hos
309 4283 467 4366 pluribus
497 4282 687 4365 legionibus
718 4286 888 4347 custodire
920 4284 1007 4347 velle
1039 4284 1222 4346 absurdum
1253 4292 1314 4346 est.
1340 4283 1404 4345 Lc-

210 4404 362 4486 gendum
402 4423 543 4466 censeo:
588 4403 745 4481 ,relictae
785 4403 883 4465 simul
924 4423 943 4464 c
984 4404 1180 4465 victricibus
1220 4402 1403 4487 legionibus
