3210 5274
785 389 824 451 61

203 577 302 645 sunt;
339 589 457 632 verum
492 568 594 650 plane
625 589 662 631 se
694 569 733 630 iis
766 569 892 631 dedere
924 578 959 632 et
989 569 1162 653 indulgere
1192 570 1312 633 vitium
1343 578 1404 632 est.

203 687 353 752 Lenitati
380 688 555 772 indulgere
585 689 754 770 optimum
786 688 929 769 praebet
953 708 1105 750 sensum:
1131 696 1183 750 est
1208 709 1247 751 ea
1272 709 1324 751 res
1348 708 1404 750 co·

203 817 310 890 gnata
338 809 384 871 illi
410 829 498 891 quae
522 828 625 890 supra
649 809 700 870 his
724 809 837 871 verbis
862 817 913 871 est
936 809 1141 891 significata:
1171 809 1403 890 „largitionem

204 927 413 1009 (exercebat)
439 929 603 991 adversus
621 928 749 990 amicos
770 938 805 990 et
825 929 950 1009 ignotis
970 949 1117 1010 quoque,
1139 929 1227 991 comi
1248 948 1403 990 sermone

204 1055 240 1108 et
264 1045 488 1128 congressu”;
514 1047 579 1109 hoc
605 1067 708 1109 unum
734 1047 874 1109 interest
899 1048 991 1128 quod
1015 1048 1062 1109 sic
1088 1048 1280 1110 discribitur
1301 1047 1404 1109 homo

204 1165 288 1228 lenis
310 1168 474 1230 adversus
495 1167 590 1240 alios,
615 1173 650 1228 at
673 1166 731 1246 qui
755 1166 886 1229 lenitati
904 1166 1053 1248 indulget
1071 1167 1099 1228 is
1118 1167 1221 1228 etiam
1242 1166 1403 1228 adversus

203 1306 239 1348 se
262 1287 369 1369 ipsmn
393 1307 517 1367 suoque
540 1287 625 1349 vitia
648 1285 733 1348 lenis
756 1294 818 1347 est.

251 1404 296 1467 H.
323 1405 348 1479 l,
375 1423 427 1486 33.
460 1402 526 1486 Qui
559 1404 688 1468 Galbae
720 1405 866 1467 suadent
897 1412 934 1467 ut
964 1424 1066 1486 quam
1096 1405 1242 1486 primum
1272 1404 1401 1469 Othoni

204 1525 346 1606 eiusque
370 1525 550 1588 conatibus
574 1534 739 1598 occurrat,
764 1532 799 1587 et
822 1523 888 1587 alia
912 1532 947 1587 et
971 1524 1054 1586 haec
1078 1525 1271 1606 disputant:

254 1643 498 1723 ,Obsidionem
525 1644 682 1706 nimirum
706 1643 924 1718 toleraturos;
949 1654 983 1706 et
1008 1644 1217 1725 praeclarum
1241 1645 1274 1707 in
1300 1646 1404 1707 servis

203 1763 379 1838 auxilium,
404 1765 430 1825 si
454 1783 639 1826 consensus
661 1771 778 1825 tantae
803 1762 1028 1826 multitudinis
1048 1771 1091 1837 et,
1114 1784 1201 1845 quae
1222 1764 1402 1845 plurimum

203 1882 307 1958 valet,
339 1883 448 1965 prima
479 1882 670 1965 indignatio
702 1882 928 1964 elanguescat.
960 1881 1107 1945 Proinde
1122 1881 1143 1964 ¹)
1176 1883 1286 1946 intuta
1316 1904 1403 1965 quae

204 2002 400 2067 indecora”.

251 2122 316 2185 Pro
340 2123 484 2205 proinde
516 2122 746 2205 Nipperdeius
774 2122 1005 2184 coniecturam
1028 2141 1124 2183 suam
1142 2122 1292 2205 perinde,
1316 2132 1402 2186 tam·

203 2263 308 2324 quam
340 2250 478 2316 certam,
511 2243 544 2304 in
577 2249 711 2304 textum
743 2243 881 2322 recepit.
914 2239 983 2304 Sed
1011 2242 1120 2305 intuta
1142 2264 1226 2324 quae
1247 2244 1401 2306 indecora

204 2363 319 2425 dicere
343 2361 464 2442 aliquis
484 2369 609 2444 potest,
623 2361 765 2444 perinde
783 2360 938 2422 additum
959 2359 1106 2423 absurda
1127 2361 1182 2423 illa
1202 2361 1306 2424 verba
1326 2362 1400 2424 red-

204 2483 265 2545 dit.
299 2481 427 2544 Contra
462 2482 624 2563 ,proinde
656 2481 768 2543 intuta
793 2499 880 2560 quae
906 2479 1088 2543 indecora”
1114 2482 1248 2564 egregie
1272 2482 1401 2543 dictum

204 2610 266 2674 est,
291 2599 357 2662 hoc
381 2599 479 2663 sacile
502 2599 696 2663 annectitur
716 2599 1010 2681 praecedentibus,
1032 2608 1076 2674 et,
1097 2601 1258 2681 quoniam
1278 2601 1401 2663 adhor-

202 2722 301 2785 tandi
331 2723 400 2784 vim
433 2721 536 2785 habet
567 2722 656 2803 (cum
688 2720 898 2801 imperativis
925 2721 1016 2782 enim
1042 2720 1240 2802 plerumque
1258 2722 1403 2804 proinde

202 2841 376 2923 iungitur),
409 2841 621 2922 aptissimum
653 2839 800 2920 tempori
829 2838 973 2919 locoque
997 2847 1066 2914 est,
1092 2839 1284 2902 conseratur
1307 2842 1400 2922 quod

202 2959 368 3022 continuo
399 2960 569 3039 sequitur:
605 2958 688 3038 „vel,
721 2958 748 3019 si
776 2958 898 3020 cadere
924 2977 1061 3021 necesse
1086 2958 1139 3032 sit,
1163 2960 1399 3023 occurrendum

203 3076 423 3140 discrimini”.

248 3196 293 3259 H.
316 3197 342 3271 l,
362 3212 416 3273 42.
441 3195 575 3275 „Titum
596 3196 675 3258 inde
692 3195 833 3258 Vinium
853 3195 1005 3257 invasere
1018 3196 1177 3277 (victores
1191 3195 1400 3279 Othoniani).

204 3315 255 3377 De
277 3334 346 3396 quo
367 3322 401 3376 et
421 3316 496 3396 ipso
515 3313 707 3395 ambigitur,
728 3315 1021 3396 consumpseritne
1042 3334 1162 3376 vocem
1183 3317 1255 3377 eius
1273 3317 1402 3380 instans

205 3444 325 3509 metus,
357 3454 400 3496 an
433 3433 696 3516 proclamaverit
720 3453 787 3495 non
813 3452 885 3494 esse
909 3431 954 3494 ab
978 3431 1116 3496 Othone
1141 3435 1339 3497 mandatum
1364 3444 1402 3498 ut

203 3554 426 3616 occideretur.
447 3550 548 3634 Quod
568 3572 627 3614 seu
640 3551 748 3636 finxit
767 3549 957 3625 formidine,
977 3569 1036 3612 seu
1057 3552 1299 3614 conscientiam
1321 3573 1399 3616 con·

203 3672 379 3735 iurationis
409 3669 583 3734 confessus
613 3679 676 3744 est,
709 3669 774 3731 huc
799 3671 913 3751 potius
937 3669 1008 3731 eius
1034 3670 1104 3732 vita
1128 3669 1284 3752 famaque
1308 3673 1400 3734 incli-

204 3799 272 3864 nat,
298 3798 336 3852 ut
359 3790 513 3853 conscius
537 3789 673 3852 sceleris
697 3788 805 3863 luerit,
831 3790 924 3851 cuius
948 3808 1048 3850 causa
1072 3789 1176 3852 erat''.

248 3910 313 3973 Pro
337 3909 445 3994 finxit
475 3908 705 3990 Nipperdeius
735 3906 830 3969 siluit
860 3906 985 3980 edidit,
1020 3907 1281 3988 perversissime.
1311 3907 1399 3971 Nam

203 4030 350 4111 primum
378 4028 431 4090 hic
456 4028 595 4091 Tacitus
619 4027 652 4089 id
679 4026 759 4089 lacit
783 4026 875 4107 quod
901 4025 1034 4087 indoles
1057 4025 1128 4087 eius
1151 4025 1225 4101 sert,
1250 4038 1297 4101 ut,
1323 4048 1400 4090 cum

203 4149 346 4211 duarum
380 4167 490 4210 rerum
522 4146 720 4210 alterutram
751 4144 875 4225 eligere
909 4143 1027 4224 possit,
1058 4143 1149 4206 illam
1174 4145 1341 4227 praeferat
1366 4156 1401 4210 et

240 4383 266 4447 ι)
284 4382 318 4431 In
336 4378 428 4428 codice
448 4378 535 4443 plenis
552 4380 636 4431 literis
650 4381 775 4446 proinde,
794 4395 848 4429 non
860 4378 950 4448 poinde
967 4377 1071 4441 legitur.
