3210 5274
882 380 947 444 280

311 583 352 625 ea
374 562 555 645 significari
580 560 761 645 putemus?
793 561 843 625 At
867 570 941 625 tota
962 562 1048 625 haec
1073 561 1276 625 deliberatio
1301 561 1429 623 ducum
1454 567 1511 635 est,

312 702 380 745 non
413 684 570 759 universi,
604 691 641 745 ut
672 682 804 765 opinor,
830 683 1010 745 exercitus.
1036 682 1165 745 Verum
1189 682 1264 764 lege
1289 682 1373 763 ipsa,
1398 679 1513 743 omnia

310 821 393 864 sana
425 803 625 885 integraque
657 810 773 865 erunt:
806 810 879 864 tum
910 802 1002 865 enim
1032 803 1105 882 ipsa
1129 802 1232 884 regio,
1257 801 1278 863 i.
1304 820 1334 863 e.
1360 800 1455 881 regio
1479 799 1512 861 in

312 940 380 1002 qua
410 941 487 983 cum
522 922 669 984 maxime
699 921 831 990 sedent.
863 931 1059 1004 opponetur
1087 920 1205 984 Italiae
1229 928 1265 982 et
1289 920 1513 1003 Appennino,

311 1039 369 1102 ubi
393 1041 551 1121 graviora
573 1042 676 1104 etiam
701 1041 766 1104 sibi
790 1041 991 1123 impendere
1015 1039 1166 1124 pericula
1188 1040 1416 1122 suspicantur.

358 1277 402 1340 H.
427 1279 496 1354 ΙΙΙ,
515 1280 566 1360 56.
599 1280 745 1343 Romam
775 1281 956 1343 revertitur
981 1280 1150 1355 Vitellius,
1174 1280 1218 1343 de
1242 1299 1303 1342 sua
1327 1298 1432 1343 causa
1456 1278 1512 1342 de·

311 1417 461 1479 speranS,
491 1399 667 1481 otioseque
693 1399 739 1462 ibi
764 1400 907 1475 desidet,
932 1420 1010 1463 cum
1034 1408 1149 1463 tamen
1174 1399 1372 1481 peritissimi
1397 1406 1513 1461 centu-

312 1517 445 1580 rionum
476 1518 609 1581 fortiter
639 1518 775 1600 agendo
799 1527 909 1581 totam
934 1537 1006 1582 rem
1031 1519 1162 1581 restitui
1188 1538 1287 1600 posse
1313 1517 1511 1590 clamarent,

312 1636 416 1718 idque
440 1639 543 1701 etiam
557 1639 678 1720 'ipsum
703 1637 881 1701 Vitellium
905 1639 1030 1701 docere
1054 1638 1235 1720 gestirent:

356 1757 509 1820 Arcuere
530 1777 588 1820 eos
611 1758 721 1820 intimi
741 1758 929 1820 amicorum
951 1757 1092 1832 Vitellii,
1114 1757 1161 1820 ita
1183 1755 1336 1820 formatis
1350 1755 1513 1838 principis

313 1876 450 1939 auribus
481 1887 517 1939 ut
548 1898 678 1959 aspera,
702 1899 790 1960 quae
813 1878 919 1953 utilia,
944 1898 1007 1941 nec
1032 1879 1215 1961 quicquam
1239 1877 1302 1939 nisi
1326 1876 1513 1939 iucundum

314 2005 349 2059 et
373 1995 541 2059 laesurum
565 1996 768 2079 acciperet.'’

359 2115 424 2177 Pro
447 2126 577 2197 aspera,
602 2118 696 2198 quod
719 2116 810 2179 haud
835 2117 939 2180 dubie
959 2125 1158 2198 corruptum
1178 2115 1274 2198 (nihil
1294 2115 1387 2177 enim
1408 2114 1513 2176 habet

314 2255 382 2316 quo
406 2233 593 2317 reseratur),
614 2234 715 2316 vulgo
737 2235 897 2317 recipitur
918 2236 1179 2319 Bipontinorum
1200 2215 1512 2315 correctio'aspere.

314 2354 364 2416 At
397 2373 485 2416 nunc
517 2354 550 2415 in
582 2352 690 2416 altero
722 2354 913 2416 sententiae
945 2353 1117 2417 membro:
1153 2353 1444 2434 „necquicquam
1470 2388 1513 2398 -

315 2471 508 2553 acciperet”
533 2481 647 2535 mente
671 2471 780 2546 nobiS,
805 2471 840 2533 id
865 2472 958 2554 quod
982 2472 1170 2535 admodum
1194 2473 1327 2547 durum,
1351 2471 1514 2554 supplen-

314 2592 395 2653 dum
431 2599 482 2653 est
516 2591 662 2655 lubenter
695 2590 832 2654 aliudve
867 2591 1068 2655 adverbium
1105 2593 1138 2654 in
1174 2591 1262 2655 hanc
1293 2593 1513 2655 sententiam.

315 2710 512 2772 Lacunosus
535 2708 630 2774 locus
654 2716 716 2784 est,
740 2710 801 2771 sed
822 2729 952 2792 paucae
971 2718 1106 2773 tantum
1125 2710 1327 2773 exciderunt
1347 2710 1515 2774 literulae.

261 2842 264 2846 ’
314 2827 457 2911 Scripsit
469 2830 560 2891 enim
574 2829 730 2892 Tacitus:
755 2837 812 2908 „ut
823 2838 1064 2910 aspernaretur
1076 2849 1164 2912 quae
1177 2829 1294 2893 utilia”
1310 2828 1343 2912 ¹).
1365 2830 1515 2914 Egregie

314 2949 402 3010 inter
424 2968 461 3010 se
484 2948 688 3030 aspernandi
709 2956 745 3011 et
768 2948 950 3031 accepiendr'
972 2948 1077 3012 verba
1099 2958 1331 3032 opponuntur.

359 3185 402 3249 H.
428 3187 488 3262 111,
513 3187 567 3250 61.
592 3189 778 3269 Postquam
801 3189 950 3252 narravit
974 3190 1018 3252 de
1038 3189 1208 3272 praesidio
1227 3190 1378 3272 quodam
1402 3191 1513 3254 Vitel-

312 3304 413 3380 lian0‚
446 3306 538 3386 quod
570 3306 715 3388 turpiter
745 3327 782 3369 se
813 3307 967 3371 hostibus
994 3308 1142 3384 dedidit,
1174 3309 1217 3372 de
1246 3308 1513 3377 Vitellianorum

314 3424 458 3487 militum
485 3425 635 3488 moribus
658 3426 692 3487 in
717 3425 910 3488 universum
935 3428 982 3489 sic
1007 3428 1159 3509 disputat
1182 3428 1339 3492 Tacitus:

361 3542 454 3623 „Nec
484 3545 576 3627 apud
602 3542 806 3607 Vitellianos
830 3543 948 3627 flagitii
973 3567 1094 3628 poena,
1119 3557 1154 3611 eL
1177 3549 1336 3630 praemiis
1359 3550 1514 3621 desecto·

313 3682 386 3724 rum
412 3662 517 3725 verba
540 3662 656 3726 fides.”

358 3780 423 3843 Pro
447 3781 596 3844 absurdo
619 3781 721 3845 verba
754 3781 1009 3846 Freinshemius
1040 3784 1121 3848 olim
1152 3807 1252 3850 versa
1282 3786 1376 3869 legit,
1407 3796 1515 3871 atque

351 4052 376 4119 ι)
396 4053 469 4104 Idem
489 4061 549 4119 post
567 4068 617 4118 me,
635 4069 723 4119 neque
742 4061 829 4103 tumen
848 4071 864 4104 a
880 4071 922 4105 me
940 4056 1099 4122 admonitus,
1116 4056 1219 4106 invenit
1238 4064 1264 4107 et
1283 4058 1312 4107 in
1331 4057 1451 4109 thesibus
1468 4060 1516 4110 nd·

311 4137 408 4188 iunctis
433 4139 610 4190 dissertationi
635 4141 666 4189 de
692 4140 763 4189 Indis
787 4141 932 4191 Eleusiniis
955 4143 1057 4208 publici
1081 4143 1144 4192 iuris
1169 4143 1231 4193 fecit
1253 4160 1277 4193 v.
1298 4144 1324 4194 d.
1343 4146 1377 4194 A.
1397 4146 1514 4210 Rutgers

312 4238 363 4272 ran
387 4223 434 4273 der
459 4226 542 4275 Loeff.
567 4224 666 4274 Eodem
691 4242 732 4276 res
756 4242 804 4276 usu
823 4228 897 4278 venit
914 4229 1071 4279 coniecturis
1090 4229 1233 4295 propositis
1252 4230 1285 4280 sd
1305 4231 1340 4280 Η.
1361 4232 1411 4297 ΙΙΙ,
1427 4233 1461 4296 63
1483 4232 1511 4300 (e

311 4308 463 4360 victricibus
488 4309 638 4375 legionibus
663 4311 795 4380 cohortes)
820 4315 845 4364 el
869 4314 904 4363 ad
925 4315 962 4364 H.
983 4315 1020 4380 ΙΙ,
1036 4325 1069 4378 74
1088 4312 1268 4381 (progressum
1289 4324 1367 4381 prout
1383 4317 1469 4369 velint
1484 4325 1513 4370 et

310 4392 372 4460 plus
390 4395 530 4462 minusve).
