3292 5280
802 384 865 447 140

239 546 292 620 sit,
325 545 373 607 ita
404 544 520 619 videri,
554 565 632 607 nam
663 554 799 609 strenue
830 566 969 628 operam
1001 546 1060 607 dat
1092 544 1232 607 Tacitus
1264 554 1302 608 ut
1328 545 1431 608 talem

241 665 338 727 nobis
362 664 535 727 Tiberium
560 666 674 728 animo
694 665 923 729 informemus.
944 664 1089 729 Strenue
1109 685 1249 747 operam
1271 666 1343 740 dat,
1364 667 1431 742 aio,

239 762 418 846 nonenim
439 785 647 866 imprudenti
668 784 800 859 Tacito,
821 805 898 848 cum
919 785 963 848 de
977 784 1164 847 Domitiani
1177 785 1307 866 cogitat
1320 794 1432 867 tyran·

240 905 329 978 nide‚
361 903 489 965 Tiberii
522 903 731 986 principatus
762 905 796 966 in
828 913 978 967 mentem
1007 905 1116 980 venit;
1142 904 1302 968 omnibus
1328 906 1432 968 modis

240 1025 373 1087 efficere
404 1024 520 1087 studet
552 1033 588 1086 ut
619 1023 665 1087 illi
689 1024 859 1107 principes
883 1044 985 1105 quam
1009 1025 1157 1087 maxime
1181 1024 1272 1087 inter
1294 1045 1331 1087 se
1356 1025 1432 1088 fiant

239 1144 375 1207 similes.
404 1146 481 1226 lpse
507 1144 571 1207 hoc
596 1144 729 1206 disertis
753 1143 865 1206 verbis
889 1144 1040 1207 declarat
1062 1143 1106 1206 A.
1132 1143 1194 1219 IV,
1220 1160 1275 1225 32.
1300 1145 1339 1206 In
1363 1153 1430 1207 arto

238 1264 302 1327 sibi
334 1284 406 1327 esse
438 1273 473 1326 et
504 1263 683 1345 inglorium
714 1263 867 1326 laborem
898 1263 964 1338 ait;
994 1283 1062 1326 non
1089 1283 1194 1346 posse
1224 1283 1305 1326 suos
1333 1262 1429 1326 libros

239 1403 453 1447 cumeorum
474 1383 662 1463 comparari
683 1382 840 1457 historiis,
861 1383 918 1465 qui
940 1384 984 1447 de
1002 1381 1109 1445 libera
1126 1383 1326 1464 scripserint
1339 1404 1427 1466 repu-

239 1503 342 1566 blica:
379 1512 459 1565 tunc
495 1503 609 1565 omnia
641 1502 741 1565 fuisse
773 1522 906 1584 magna,
938 1501 1094 1584 gloriosa,
1127 1501 1265 1565 excelsa
1273 1529 1282 1579 ;
1313 1502 1426 1565 amissa

241 1623 399 1686 libertate
423 1623 480 1685 vix
503 1623 690 1705 quidquam
714 1643 787 1686 esse
809 1629 923 1685 actum
945 1623 1037 1704 quod
1058 1642 1127 1685 non
1148 1632 1341 1685 memoratu
1361 1623 1425 1685 leve

241 1744 347 1806 videri
379 1743 513 1807 debeat.
546 1743 645 1818 Tum,
677 1752 859 1826 postquam
890 1743 924 1805 in
953 1743 1145 1806 universum
1169 1743 1331 1825 exposuit
1354 1743 1425 1824 quid

240 1864 371 1926 intersit
396 1865 483 1926 inter
508 1863 671 1946 populare
695 1863 874 1945 imperium
899 1863 1051 1926 etunius
1072 1862 1132 1924 viri
1154 1863 1424 1935 dominationem,

241 1984 289 2046 sic
315 1984 442 2066 pergit:

288 2102 414 2185 „Igitur
449 2110 484 2165 ut
515 2102 596 2165 olim
629 2102 729 2185 plebe
761 2101 882 2177 valida,
915 2102 969 2165 vel
1001 2122 1077 2164 cum
1110 2109 1224 2184 patres
1258 2102 1423 2185 pollerent,

240 2224 412 2286 noscenda
429 2221 521 2304 vulgi
542 2231 671 2298 natura,
690 2232 724 2285 et
737 2223 860 2303 quibus
874 2223 983 2285 modis
996 2230 1228 2305 temperanter
1243 2222 1422 2295 haberetur,

238 2353 442 2425 senatusque
466 2352 500 2406 et
524 2343 739 2423 optimatium
765 2343 898 2425 ingenia
922 2343 980 2424 qui
1002 2342 1148 2405 maxime
1170 2343 1421 2424 perdidicerant,

238 2462 350 2528 callidi
374 2471 567 2546 temporum
588 2471 623 2525 et
642 2463 813 2544 sapientes
832 2462 1055 2537 habebantur,
1076 2463 1124 2525 sic
1144 2482 1313 2526 converso
1332 2470 1420 2533 statu,

240 2605 350 2665 neque
381 2584 446 2647 alia
478 2582 661 2665 republica,
686 2582 840 2664 quamsi
865 2602 950 2644 unus
973 2581 1156 2664 imperitet,
1181 2581 1262 2645 haec
1285 2579 1422 2664 conquiri

239 2703 394 2785 tradique
424 2704 459 2765 r‘n
490 2724 560 2766 rem
582 2704 707 2786 suerit,
731 2704 811 2784 quia
828 2703 932 2786 pauci
947 2700 1132 2785 prudentia
1155 2700 1292 2765 honesta
1316 2700 1357 2765 ab
1377 2700 1419 2763 de·

239 2822 426 2897 terroribus,
460 2823 557 2886 utilia
584 2822 626 2885 ab
650 2823 759 2886 noxiis
782 2822 980 2897 discernunt,
999 2822 1118 2906 plures
1140 2821 1289 2886 aliorum
1313 2819 1420 2886 eventis

238 2940 427 3006 docentur.”

284 3060 388 3124 Paulo
426 3060 620 3143 diligentius
656 3061 760 3125 verba
796 3069 913 3124 notata
948 3060 1174 3142 inspiciamus,
1211 3061 1332 3142 quanti
1366 3059 1419 3121 sint

239 3181 403 3243 momenti
434 3181 477 3243 ad
508 3181 618 3243 Taciti
643 3181 819 3244 consilium
844 3180 1102 3263 intelligendum
1125 3180 1319 3262 apparebit.
1345 3180 1419 3243 Nam

238 3301 434 3363 Boissierius
459 3301 651 3384 nuperrime
676 3301 806 3382 (Revue
831 3302 863 3363 d.
889 3301 980 3364 deux
1001 3298 1146 3362 Mondes
1171 3313 1206 3379 15
1230 3300 1324 3362 Mars
1351 3311 1419 3380 1902

239 3443 271 3504 p.
299 3423 374 3504 345)
399 3423 441 3484 de
466 3423 505 3484 iis
529 3423 695 3485 disserens
720 3442 787 3484 non
811 3422 893 3484 satis
911 3428 1068 3484 accurate
1089 3440 1204 3482 veram
1225 3440 1344 3483 eorum
1363 3417 1419 3480 vim

239 3542 432 3625 explorasse
457 3541 600 3604 videtur.

283 3661 356 3724 Nisi
388 3663 594 3724 adiectivum
625 3661 758 3725 honesta
790 3668 878 3723 esset
905 3659 1071 3733 additum,
1096 3667 1270 3739 utcunque
1295 3657 1420 3721 credere

239 3802 415 3863 possemus
447 3781 500 3844 hic
532 3783 566 3844 in
597 3782 786 3844 universum
820 3779 943 3842 mentis
967 3780 1135 3841 humanae
1159 3777 1271 3840 notari
1296 3773 1421 3840 infirmi·

238 3910 355 3963 tatem.
381 3899 470 3962 Nam
491 3902 572 3981 quid
596 3902 743 3983 prudens
763 3901 817 3974 sit,
838 3899 919 3982 quid
942 3899 1089 3961 deterius
1110 3896 1142 3978 (i.
1162 3917 1191 3959 e.
1213 3892 1421 3979 imprudens),

238 4021 320 4101 quid
346 4020 437 4095 utile,
462 4021 544 4102 quid
570 4021 710 4082 noxium
734 4021 767 4082 in
791 4018 967 4101 republica,
994 4017 1174 4100 plerosque
1198 4014 1295 4097 sugit,
1317 4031 1422 4097 quam·

237 4159 339 4220 quam
371 4160 506 4223 semper
537 4149 650 4202 tamen
683 4139 781 4222 pauci
814 4138 970 4220 pluresve
1000 4134 1144 4210 suerunt,
1170 4135 1286 4217 quiin
1311 4133 1421 4197 haere

236 4261 357 4322 ceteris
381 4261 512 4323 civibus
536 4259 611 4341 plus
636 4258 806 4322 callerent.
832 4256 900 4322 Sed
925 4257 1063 4339 quando
1083 4254 1210 4318 sactum
1232 4262 1284 4317 est
1304 4262 1341 4316 ut
1359 4250 1422 4334 plu·

237 4399 289 4440 res
320 4400 422 4460 quam
456 4379 525 4442 ullo
555 4379 622 4441 alio
646 4388 801 4460 ternpore
826 4375 924 4439 huius
948 4376 994 4439 rei
1019 4373 1114 4437 inscii
1138 4370 1274 4437 essent?
1299 4372 1422 4452 Nempe
