3210 5274
772 376 835 458 283

200 576 365 640 mumque
397 557 603 640 reipublicae
636 557 753 641 populi
785 558 931 621 Romani
963 557 1098 631 accidit,
1130 556 1223 619 nullo
1255 563 1398 618 externo

202 676 312 752 hoste,
345 678 513 761 propitiis,
546 678 572 740 si
606 698 666 761 per
699 697 810 740 mores
843 685 976 741 nostros
1007 677 1134 752 liceret,
1167 676 1248 750 deis,
1281 675 1399 737 sedern

202 797 293 859 Iovis
325 795 456 878 Optimi
491 797 633 860 Maximi
665 799 841 880 auspicato
869 818 890 860 a
913 797 1097 860 maioribus
1121 796 1242 878 pignus
1267 794 1398 876 imperii

201 916 389 991 conditam,
414 937 517 999 quam
538 937 605 980 non
627 918 799 980 Porsenna
818 917 935 980 dedita
955 917 1038 980 urbe
1059 937 1170 1000 neque
1192 915 1278 980 Galli
1299 923 1400 997 capta

202 1045 370 1100 temerare
394 1037 595 1120 potuissent,
621 1038 732 1101 surore
756 1040 949 1122 principum
974 1037 1143 1102 excindi.'’

248 1157 402 1220 Rectene
416 1158 587 1241 principes
607 1168 827 1241 opponuntur
849 1159 1040 1222 Porsennae
1054 1157 1236 1239 Gallisque,
1251 1156 1401 1219 externis

205 1273 381 1338 hostibus?
413 1276 491 1339 Non
524 1278 662 1360 opinor;
695 1279 755 1341 sed
787 1287 824 1341 ut
856 1279 947 1342 dicat
979 1276 1108 1359 aliquid
1137 1277 1277 1340 Tacitus
1305 1276 1398 1358 quod

204 1396 292 1458 bene
320 1396 512 1472 cohaereat,
538 1417 600 1479 pro
619 1399 810 1481 principum
834 1399 1017 1482 legendum
1042 1406 1094 1461 est
1116 1398 1247 1461 civium.
1272 1397 1398 1460 Totum

202 1516 294 1579 istud
308 1516 502 1599 principum
522 1518 711 1600 arrogantis
732 1517 911 1600 magistelli
931 1527 983 1581 est
1003 1518 1190 1591 annotatio,
1211 1516 1268 1598 qui
1288 1517 1399 1599 ipsum

203 1635 363 1697 Tacitum
387 1637 556 1718 corrigere
582 1636 693 1700 vellet.
719 1637 874 1719 Ipsorum
899 1646 1014 1700 autem
1039 1638 1228 1719 principum
1251 1638 1283 1698 in
1303 1635 1402 1717 Capi·

202 1752 277 1816 tolii
311 1754 469 1818 incendio
502 1755 613 1819 nullae
647 1764 760 1838 partes
791 1756 942 1831 fuerunt;
977 1756 1075 1819 unica
1099 1755 1329 1819 atrocissimae
1354 1755 1400 1817 rei

204 1893 307 1936 causa
330 1881 403 1936 erat
427 1874 519 1937 furor
543 1875 670 1958 populi.

250 2110 295 2173 H.
321 2112 381 2188 Ill,
408 2114 461 2194 83.
494 2113 728 2195 Pugnantibus
751 2115 784 2177 in
809 2134 932 2196 campo
958 2114 1083 2177 Martio
1108 2113 1301 2177 Vitellianis
1325 2112 1401 2176 Fla·

206 2232 383 2313 vianisque
403 2235 522 2296 aderat
542 2233 662 2316 vulgus
682 2235 771 2297 haud
793 2234 860 2297 alio
879 2235 993 2297 animo
1013 2253 1115 2315 quam
1134 2233 1160 2295 si
1173 2232 1399 2315 gladiatorum

207 2352 367 2414 ederetur
397 2352 648 2434 spectaculum;
674 2351 959 2435 protrahebantur
983 2373 1003 2415 a
1026 2351 1260 2434 spectantibus
1284 2352 1341 2432 qui
1367 2352 1400 2413 in

207 2471 338 2554 aliquas
358 2472 582 2556 confugerant
603 2473 760 2548 latebras,
780 2472 897 2554 spoliis
918 2473 1113 2554 potiebatur
1133 2471 1287 2554 populus.
1313 2472 1403 2534 Hinc

206 2592 239 2655 in
273 2593 395 2654 eadem
428 2593 509 2655 urbe
535 2592 633 2656 simul
657 2601 798 2656 cruenta
822 2593 944 2656 caedes
968 2600 1040 2656 erat
1064 2600 1099 2655 et
1122 2593 1240 2654 insana
1263 2590 1402 2653 laetitia.

207 2712 271 2775 His
292 2732 368 2775 eam
394 2733 464 2775 rem
489 2714 651 2776 describit
675 2714 788 2776 verbis
812 2712 969 2776 Tacitus:

253 2830 384 2911 ,Saeva
415 2852 454 2894 ac
483 2832 643 2895 deformis
668 2833 750 2895 urbe
774 2840 848 2895 tota
872 2832 991 2895 facies:
1016 2832 1095 2895 alibi
1121 2832 1249 2914 proelia
1273 2839 1308 2894 et
1333 2830 1403 2893 vul·

207 2971 297 3026 nera,
330 2950 410 3013 alibi
443 2951 597 3014 balineae
628 2953 863 3034 popinaeque;
894 2951 993 3015 simul
1017 2972 1115 3015 cruor
1139 2961 1174 3014 et
1197 2944 1401 3013 strues'cor·

208 3091 340 3153 porum,
365 3072 460 3133 iuxta
484 3081 596 3134 scorta
620 3080 655 3135 et
678 3074 798 3135 scortis
822 3071 981 3135 similes.’'

255 3190 321 3253 Hic
353 3210 473 3252 vocem
506 3211 538 3272 q.
564 3212 593 3254 e.
617 3192 720 3255 simul
741 3191 970 3274 Nipperdeius
996 3190 1138 3264 inclusit,
1165 3198 1200 3252 ct
1225 3198 1339 3272 potest
1362 3211 1404 3253 ea

210 3311 281 3373 sine
305 3311 495 3373 sententiae
519 3311 646 3374 damno
670 3312 800 3375 omitti:
826 3332 937 3393 neque
958 3320 1072 3374 tamen
1093 3311 1140 3373 sic
1161 3310 1268 3373 multo
1288 3311 1403 3372 evadit

209 3429 264 3493 illa
299 3431 498 3514 elegantior.
534 3432 704 3494 Remanet
738 3433 844 3507 enim,
880 3452 968 3514 quae
1005 3431 1086 3493 mihi
1122 3429 1260 3512 quidem
1297 3429 1404 3492 multo

211 3549 394 3625 molestior,
415 3550 622 3613 incredibilis
642 3551 811 3632 quaedam
831 3552 999 3614 hominurn
1020 3558 1055 3613 et
1074 3551 1218 3614 locorum
1240 3549 1402 3612 confusio.

210 3668 294 3732 Leni
319 3669 583 3751 transpositione
607 3670 655 3732 sic
679 3669 789 3732 Taciti
815 3690 953 3733 manum
977 3671 1221 3733 restituendam
1241 3669 1402 3732 arbitror:

255 3786 385 3866 ,Saeva
405 3808 444 3850 ac
466 3788 626 3851 deformis
648 3789 729 3852 urbe
743 3798 818 3852 tota
831 3789 950 3853 facies:
971 3790 1051 3853 alibi
1065 3790 1193 3873 proelia
1206 3799 1239 3852 et
1254 3788 1402 3865 vulnera,

208 3907 288 3971 alibi
307 3917 420 3971 scorta
441 3918 475 3971 et
495 3910 616 3971 scortis
634 3908 776 3986 similes;
798 3910 898 3973 simul
918 3930 1017 3973 cruor
1036 3918 1070 3974 et
1090 3920 1198 3974 strues
1211 3931 1401 3993 corporum,

209 4028 305 4090 iuxta
328 4027 483 4091 balineae
508 4027 758 4110 popinaeque.”

255 4146 355 4209 Nunc
386 4147 490 4210 simul
518 4147 609 4210 haud
642 4148 756 4229 inepte
789 4148 1032 4232 principalibus
1056 4150 1144 4212 inter
1166 4169 1202 4212 se
1226 4150 1405 4232 iungendis

211 4267 401 4330 sententiae
425 4266 587 4330 membris
611 4268 760 4331 inservit.
