3210 5274
776 414 842 482 270

245 578 288 640 H.
315 578 358 652 II,
384 595 414 641 2.
446 577 545 641 Titus
570 578 812 660 Vespasianus,
843 599 864 641 a
892 587 990 660 patre
1015 579 1165 641 Romam
1190 580 1235 641 ad
1262 578 1400 641 Galbam

199 699 320 759 missus
338 697 391 759 vel
413 698 515 759 officii
536 718 637 760 causa
654 698 708 760 vel
729 719 790 779 spe
810 700 1018 780 adoptionis,
1040 698 1197 762 Corinthi
1212 700 1256 763 de
1270 701 1403 763 interitu

199 818 414 898 imperatoris
446 818 570 879 certior
598 817 707 880 lactus
730 837 847 879 secum
872 816 1041 880 deliberat
1066 828 1235 900 pergatne
1261 821 1404 883 Romam

199 956 243 998 an
274 936 318 998 ad
350 945 484 1018 patrem
517 938 652 1011 redeat;
684 937 826 999 tandem
859 937 969 999 redire
993 938 1160 1014 decernit,
1187 940 1294 1021 idque
1320 939 1406 1001 haud

201 1075 304 1117 unam
328 1055 374 1118 ob
399 1075 553 1119 causam:

249 1173 433 1253 ,Fuerunt
453 1177 511 1255 qui
531 1195 713 1238 accensum
735 1177 906 1240 desiderio
920 1176 1100 1239 Berenices
1114 1178 1255 1259 reginae
1268 1180 1409 1240 vertisse

201 1295 265 1356 iter
285 1296 483 1377 crederent;
504 1315 615 1376 neque
636 1294 845 1357 abhorrebat
864 1315 884 1357 a
904 1294 1068 1357 Berenice
1088 1294 1248 1358 iuvenilis
1266 1297 1410 1370 animus,

201 1413 262 1475 sed
287 1415 446 1495 gerendis
469 1413 570 1476 rebus
594 1415 724 1477 nullum
747 1435 789 1477 ex
812 1436 847 1477 eo
872 1415 1177 1496 impedimentum:
1204 1415 1334 1478 laetam
1355 1437 1412 1478 vo·

201 1532 390 1614 luptatibus
422 1533 691 1596 adulescentiam
715 1534 796 1615 egit,
821 1553 883 1596 suo
907 1555 1011 1615 quam
1035 1535 1143 1616 patris
1167 1535 1318 1616 imperio
1343 1556 1412 1597 mo·

203 1651 365 1714 destior.”

249 1771 360 1832 Immo
391 1791 473 1833 vero
503 1791 545 1833 ex
571 1792 627 1834 ea:
652 1778 726 1832 tum
750 1771 842 1833 enim
866 1772 1007 1833 demum
1032 1771 1080 1832 ita
1105 1770 1205 1833 nobis
1232 1772 1413 1835 Berenices

204 1889 343 1971 Titique
366 1908 501 1951 amores
521 1889 761 1952 describuntur
781 1897 818 1950 ut
838 1888 1005 1952 innocuos
1025 1908 1085 1951 eos
1105 1889 1207 1952 luisse
1228 1901 1412 1973 appareat:

206 2009 333 2073 nullum
359 2010 521 2072 Berenice
547 2011 647 2072 rebus
670 2008 829 2091 gerendis
852 2008 1017 2072 afferebat
1043 2009 1345 2091 impedimentum.

250 2248 296 2310 H.
316 2249 359 2323 II,
378 2267 406 2330 3.
429 2249 614 2330 Postquam
627 2249 709 2330 quid
724 2249 813 2311 lama
826 2250 1001 2330 proditum
1014 2250 1058 2311 sit
1071 2249 1115 2312 de
1129 2250 1249 2331 templi
1264 2250 1413 2313 Veneris

206 2368 356 2450 Paphiae
380 2369 558 2430 conditore
583 2370 764 2443 enarravit,
788 2368 836 2431 sic
861 2369 972 2450 pergit
996 2368 1154 2431 Tacitus:

255 2488 342 2567 ,Sed
372 2489 550 2551 scientiam
582 2497 759 2570 artemque
791 2488 1008 2570 haruspicum
1040 2489 1187 2551 accitam
1220 2498 1256 2550 et
1288 2490 1411 2552 cilicen

206 2605 378 2669 Tamiram
403 2605 587 2668 intulisse.”

251 2726 303 2788 Ita
332 2734 383 2787 est
407 2725 441 2787 in
466 2726 595 2788 codice.
629 2724 694 2806 Qui
719 2729 962 2790 tantummodo
985 2727 1097 2791 cilicen
1121 2727 1155 2789 in
1183 2726 1316 2791 Cilicem
1340 2749 1412 2791 mu·

203 2851 319 2906 tarunt
339 2842 449 2905 Taciti
470 2863 609 2906 manum
631 2864 698 2906 non
721 2845 956 2908 restituerunt:
979 2845 1056 2909 ferri
1077 2847 1168 2909 enirn
1191 2847 1284 2909 nullo
1304 2850 1410 2911 modo

206 2962 296 3025 istud
319 2974 350 3026 et
374 2971 498 3044 potest.
524 2961 592 3026 Sed
619 2984 660 3025 ne
685 2963 731 3026 illi
753 2966 903 3045 quidem,
925 2966 982 3047 qui
1003 2986 1080 3029 eam
1101 2965 1259 3029 voculam
1281 2965 1411 3041 delent,

207 3081 289 3144 mihi
310 3082 539 3145 satisfaciunt:
562 3102 650 3145 nunc
672 3083 762 3145 enirn
785 3103 851 3146 una
872 3083 970 3145 nobis
983 3104 1036 3146 res
1048 3084 1181 3148 duabus
1194 3085 1413 3148 sententiolis

207 3203 361 3279 traditur,
395 3224 506 3286 neque
539 3204 622 3286 quid
654 3204 718 3265 sibi
749 3204 813 3265 ista
844 3203 926 3265 velit
956 3205 1096 3267 divisio:
1126 3204 1205 3284 „sed
1230 3205 1412 3269 scientiam

206 3330 384 3407 artemque
416 3323 631 3406 haruspicum
664 3322 826 3385 accitam:
860 3320 1000 3384 Cilicem
1032 3321 1206 3386 Tamiram
1231 3324 1411 3388 intulisse’'

206 3443 386 3526 quisquam
411 3444 515 3506 videt.
548 3442 644 3504 Idem
670 3443 713 3504 de
739 3441 914 3503 Puteolani
940 3442 1175 3504 coniecturae
1201 3441 1322 3506 Cilicia
1347 3465 1411 3526 pro

204 3576 236 3628 et
266 3564 378 3627 cilicen
409 3562 553 3645 legentis
583 3562 804 3623 statuendum
828 3569 889 3623 est.
921 3561 1000 3623 Non
1024 3562 1116 3624 enim
1140 3562 1252 3624 minus
1276 3563 1412 3644 ingrate

206 3684 376 3745 sententia
395 3683 442 3744 sic
463 3681 682 3763 discerpitur:
708 3681 786 3760 „sed
809 3681 986 3743 scientiam
998 3689 1176 3763 artemque
1190 3681 1412 3762 haruspicum

207 3801 352 3863 accitam
377 3822 395 3862 e
421 3799 554 3863 Cilicia:
580 3798 754 3862 Tamiram
779 3798 964 3862 intulisse.”
998 3799 1059 3862 Illa
1083 3808 1198 3863 tamen
1223 3802 1267 3863 ad
1293 3820 1413 3863 veram

209 3940 270 3982 nos
300 3921 394 3983 ducit
426 3919 620 3993 lectionem,
645 3920 688 3981 ad
714 3939 816 4001 quam
841 3918 1087 3982 restituendam
1112 3918 1283 3982 levissima
1309 3939 1416 4001 quae·

209 4040 287 4101 dam
313 4040 435 4101 sufficit
459 4039 666 4102 emendatio
693 4038 894 4119 Legendum
916 4039 1007 4101 enim
1028 4047 1097 4101 est:
1122 4036 1210 4118 ,Sed
1231 4039 1414 4102 scientiam

209 4167 385 4239 artemque
418 4157 635 4241 haruspicum
665 4158 805 4220 accitum
839 4177 857 4218 e
883 4156 1000 4220 Cilicia
1025 4157 1197 4220 Tamiram
1223 4157 1414 4221 intulisse.”

211 4275 311 4340 Haud
345 4277 498 4339 dissimili
531 4277 635 4340 modo
667 4276 710 4338 H.
743 4275 805 4351 IV,
831 4277 871 4356 83
905 4297 925 4338 a
956 4277 1154 4340 Ptolemaeo
1187 4277 1335 4359 primum
1362 4280 1416 4341 vir

210 4397 348 4477 quidam
370 4405 588 4459 externarum
609 4396 809 4476 religionum
830 4396 960 4478 peritus
979 4398 1158 4460 arcessitur
1166 4424 1174 4474 ;
1196 4398 1268 4460 eius
1284 4397 1412 4461 deinde
