3210 5274
782 423 840 492 Ι75
933 483 938 490 .

209 593 396 675 respondet
422 592 597 655 Eteocles:

298 711 353 775 οὐκ
376 708 618 788 ἀπαιτούμεσθ’,
643 710 705 786 ἐγὼ
729 708 793 786 γὰρ
817 709 869 773 τὸν
894 709 968 784 ἐμὸν
992 709 1102 778 οἰκήσω
1127 706 1217 783 δόμον

210 833 230 894 i.
255 853 283 895 e.
319 833 428 911 ,istud
462 832 604 895 verbum
636 829 840 894 ἀπαιτεῖσθαι
873 832 906 892 in
940 850 994 892 me
1019 851 1086 893 non
1111 831 1281 903 convenit,
1306 849 1326 892 a
1350 850 1404 891 me

210 970 311 1035 nemo
344 951 531 1033 quidquam
556 962 725 1033 reposcere
747 950 768 1011 i.
793 970 822 1012 e.
845 970 904 1012 suo
927 950 1002 1012 iure
1018 961 1153 1031 poscere
1176 957 1300 1031 potest,
1325 970 1403 1012 nam

210 1090 285 1132 mea
317 1070 401 1132 haec
434 1071 556 1133 domus
587 1068 671 1132 est.”
704 1068 749 1131 Et
781 1067 927 1130 voluisse
955 1067 987 1129 id
1013 1068 1198 1143 Tiberium,
1222 1070 1314 1151 quod
1339 1089 1404 1151 ego

208 1188 376 1263 dicebam,
402 1190 498 1251 testis
522 1187 714 1262 Suetonius,
739 1188 796 1268 qui
821 1187 868 1249 sic
893 1187 1054 1269 principis
1077 1187 1182 1250 verba
1206 1187 1325 1250 refert:
1357 1189 1402 1268 „si

208 1331 274 1373 non
308 1310 503 1384 dominaris,
535 1309 648 1382 filiola,
679 1303 833 1370 iniuriam
865 1317 900 1370 te
927 1308 1081 1389 accipere
1106 1307 1320 1371 existimas?”
1346 1310 1402 1372 ubi
1490 1394 1493 1399 Ι

208 1432 393 1494 rectissime
425 1430 656 1512 interrogandi
687 1429 821 1511 signum
854 1429 967 1511 posuit
999 1429 1160 1492 Rothius:
1194 1430 1282 1492 istud
1311 1431 1402 1493 enim

208 1552 270 1613 nisi
291 1551 438 1624 additur,
459 1570 559 1613 sensu
580 1568 693 1612 cassus
712 1547 806 1611 locus
827 1557 888 1610 est.
910 1547 1009 1610 Nunc
1030 1548 1185 1611 Tiberius
1206 1558 1303 1631 rogat
1324 1570 1401 1625 non,

206 1673 299 1753 quod
332 1671 499 1754 quosdam
531 1669 663 1752 opinari
694 1669 812 1731 video:
849 1669 1068 1747 „iniuriamne
1094 1688 1194 1731 vocas
1218 1670 1310 1751 quod
1336 1691 1404 1733 non

207 1812 319 1854 rerum
351 1790 404 1853 hic
427 1788 567 1852 domina
591 1787 648 1850 es''
672 1788 774 1869 (nam,
799 1787 930 1850 etiamsi
955 1786 1059 1849 verba
1083 1807 1158 1850 eam
1182 1788 1403 1852 admitterent

207 1910 537 1992 interpretationem,
569 1907 662 1990 quod
695 1927 793 1988 neg0,
825 1907 868 1968 ad
900 1905 1128 1988 Agrippinam
1161 1906 1403 1970 confutandam

208 2030 346 2092 minime
371 2038 451 2111 apta
476 2027 532 2091 illa
555 2027 657 2106 esset)
680 2026 758 2088 sed:
783 2025 859 2106 „qui
881 2033 980 2106 potes
999 2033 1046 2098 tu,
1068 2046 1155 2106 quae
1176 2045 1242 2088 non
1264 2026 1403 2089 domina

206 2170 252 2224 es,
284 2149 344 2211 sed
377 2149 459 2211 civis
491 2147 602 2209 alieno
633 2145 786 2209 subiecta
816 2145 971 2226 imperio,
996 2145 1150 2207 iniuriam
1182 2154 1216 2207 te
1249 2145 1403 2227 accipere

206 2267 310 2330 ullam
346 2275 465 2350 putare
476 2265 508 2328 i”
546 2265 694 2329 Graecus
727 2264 920 2339 versiculus,
952 2284 1021 2347 quo
1053 2284 1131 2327 usus
1160 2274 1211 2328 est
1235 2265 1400 2342 Tiberius,

206 2388 316 2469 periit,
342 2387 401 2449 sed
426 2385 490 2448 fuit
513 2386 765 2449 huiuscemodi:

463 2505 489 2567 ri
514 2505 557 2578 μὴ
583 2510 750 2581 τυραννεῖς,
774 2501 899 2565 dietrici
923 2502 1028 2579 λέγεις
1053 2502 1144 2578 rivam

250 2745 294 2807 A.
328 2746 389 2819 IV,
424 2747 474 2826 58.
506 2744 744 2807 Proficiscente
776 2745 809 2803 in
842 2741 1063 2823 Campaniam
1096 2742 1245 2817 Tiberio,
1273 2745 1402 2806 mathe-

207 2864 320 2927 matici
356 2884 529 2946 nunquam
562 2883 639 2925 eum
672 2863 856 2924 rediturum
889 2862 1171 2924 vaticinabantur.
1205 2864 1288 2926 Inde
1321 2884 1402 2926 mox

207 2984 405 3047 moriturum
429 3003 507 3045 eum
528 2983 665 3063 quidam
687 2982 767 3043 artis
788 2980 935 3061 imperiti
956 2980 1142 3044 credebant
1163 2992 1196 3044 et
1216 2985 1402 3047 contende·

207 3103 288 3165 bant
307 3104 421 3175 etiam,
440 3122 527 3183 quae
543 3121 595 3163 res
608 3100 688 3182 ipsis
701 3099 763 3162 fuit
776 3099 892 3161 exitio.
908 3098 972 3161 Hic
987 3098 1182 3163 facultatem
1196 3104 1400 3166 nanciscitur

206 3224 247 3285 de
272 3222 482 3284 divinatione
507 3220 702 3302 disputandi
723 3217 877 3293 Tacitus;
899 3239 986 3300 quae
1007 3228 1121 3282 autem
1143 3221 1224 3284 dicit
1245 3222 1310 3283 huc
1331 3222 1400 3285 fere

206 3342 349 3404 redeunt
369 3349 405 3403 ut
421 3341 561 3402 omnino
574 3339 636 3402 arti
649 3337 696 3400 illi
709 3358 745 3400 se
759 3337 860 3400 fidem
875 3338 999 3402 habere
1014 3339 1177 3414 declaret;
1193 3343 1398 3421 portendere

205 3462 294 3523 enim
320 3460 487 3542 quaedam
512 3461 595 3522 deos
618 3458 719 3521 certis
743 3457 947 3532 hominibus,
972 3458 1167 3521 caelestium
1187 3460 1397 3542 aliorumque

204 3581 376 3662 signorum
409 3580 542 3662 peritis;
570 3580 629 3642 sed
655 3580 698 3641 de
722 3597 783 3640 suo
808 3577 968 3658 affingere
993 3579 1097 3642 multa
1122 3579 1241 3661 vulgus
1266 3581 1400 3662 imperi·

203 3709 315 3762 torum
340 3708 375 3762 et
399 3701 446 3762 sic
470 3708 579 3762 totam
603 3705 710 3761 artem
735 3704 927 3778 suspectam
952 3696 1094 3759 reddere
1120 3697 1299 3779 plerisque.
1325 3700 1396 3762 Iam

203 3819 276 3900 ipsa
300 3819 410 3882 Taciti
435 3820 478 3882 de
504 3819 672 3901 praesenti
699 3817 837 3898 negotio
861 3816 965 3879 verba
992 3817 1262 3882 consideremus:

250 3939 356 4016 ,Mox
379 3939 490 4021 patuit
515 3939 617 4000 breve
642 3936 826 3999 confinium
850 3936 931 3997 artis
954 3944 988 3997 et
1013 3935 1096 4011 falsi,
1122 3958 1269 4020 veraque
1294 3962 1396 4023 quam

203 4059 356 4121 obscuris
386 4067 591 4140 tegerentur.
625 4056 713 4119 Nam
746 4057 778 4117 in
810 4055 929 4117 urbem
963 4074 1034 4116 non·
1055 4077 1281 4138 regressurum
1307 4060 1396 4123 haud

203 4177 289 4241 forte
321 4178 465 4240 dictum:
498 4176 688 4240 ceter'orum
720 4176 823 4238 nescii
855 4194 964 4256 egere,
997 4195 1074 4237 cum
1105 4180 1297 4260 propinquo
1322 4200 1397 4243 rure

201 4307 259 4360 aut
278 4296 378 4359 litore
398 4305 433 4358 et
452 4316 554 4378 saepe
575 4296 708 4357 moenia
729 4294 820 4356 urbis
840 4295 999 4356 adsidens
1015 4303 1203 4360 extremam
1223 4307 1396 4361 senectam
