3210 5274
772 385 836 461 ¹⁶⁴

199 574 235 617 μ’.
255 560 441 639 imperant
456 561 633 622 dedens
645 562 811 643 Daciam*
824 566 994 645 ,ἱερῆα
1007 586 1139 646 ergone
1151 580 1271 629 cetera
1282 570 1398 643 omnia,

198 697 286 758 qzae
319 679 374 740 bic
401 696 590 743 zamam.
613 683 807 764 qiamqae
830 705 899 745 m
922 685 1009 746 baec
1032 705 1089 746 res
1112 689 1306 768 opponitur,
1329 690 1399 750 vivo

199 800 378 859 ethnicam
399 800 582 880 ra'jz'oqce
601 801 761 881 A'ngmo
780 801 872 864 iacta
889 802 991 864 sunt?
1018 804 1133 866 Immo
1154 826 1239 868 vero
1259 808 1304 870 ad
1320 808 1400 871 idem

200 932 336 998 tempas
355 932 479 980 cunta
498 922 683 1000 pez-„inem
702 942 782 983 cnm
800 934 861 984 aut
879 925 948 984 iam
968 926 1219 1005 exspirarisset
1237 927 1401 1008 Augustus

201 1050 259 1098 aut
279 1039 313 1098 in
333 1039 477 1099 articulo
497 1042 616 1100 :nortis
635 1054 737 1102 esset.
759 1041 811 1103 De
831 1044 882 1113 iis¹
901 1062 991 1122 quae
1008 1044 1171 1123 proxime
1191 1047 1403 1125 praecedunt,

202 1156 255 1216 rel
287 1158 598 1221 manifestissimum
630 1160 713 1221 iliud
743 1174 815 1222 st:
850 1161 914 1238 ‚de
937 1161 1129 1224 bonoribus
1154 1167 1312 1246 parentis
1334 1186 1403 1227 cou-

202 1276 384 1349 suimrum,
404 1298 514 1359 neque
533 1280 719 1341 alstedere
738 1302 761 1341 a
780 1294 935 1362 curpett,
954 1281 1061 1362 idque
1080 1303 1192 1345 unum
1209 1304 1256 1346 ex
1269 1286 1404 1367 publicis

204 1397 399 1458 muneribus
424 1398 620 1479 usurpare”
644 1398 725 1460 Post
748 1399 842 1460 illam
865 1401 1018 1481 corporis
1038 1406 1403 1467 commemorationem

203 1518 353 1578 continuo
384 1518 432 1577 sic
463 1537 620 1598 pergere:
655 1519 735 1596 ,sed
759 1519 916 1599 «insumo
939 1517 1101 1599 Augusto
1124 1540 1157 1582 e.
1178 1541 1214 1602 q.
1235 1522 1287 1584 ,τέ’
1311 1543 1404 1605 quam

205 1638 247 1696 sit
271 1637 426 1717 ineptum
450 1639 508 1697 rix
531 1638 598 1698 iam
621 1637 736 1698 dicere
759 1658 857 1718 opus.
880 1636 949 1700 Sed
969 1639 1004 1699 in
1024 1640 1203 1720 integrum
1225 1645 1406 1706 restituitur

206 1757 310 1827 locus,
338 1757 364 1816 si
389 1768 469 1817 ante
491 1756 646 1837 &tituto
670 1756 792 1817 vocula
815 1758 884 1827 eir,
907 1757 1017 1819 aliare
1042 1759 1076 1819 in
1101 1762 1255 1823 eandem
1279 1771 1406 1824 senteu-

207 1877 289 1935 tiam
314 1875 482 1935 inseritur.

253 2114 297 2174 A.
323 2114 348 2174 l.
374 2129 426 2174 22.
460 2114 642 2175 Discordes
674 2113 869 2175 Pannoniae
901 2113 1026 2175 milites
1053 2115 1121 2176 iam
1145 2126 1183 2177 et
1207 2117 1276 2180 alia
1299 2120 1408 2181 turbu·

208 2233 300 2294 lenta
324 2233 476 2295 lecerunt
500 2233 607 2294 multa
630 2243 666 2294 et
688 2253 824 2294 carcere
846 2233 988 2295 effracto
1012 2235 1208 2297 desertores
1232 2258 1409 2319 rerumque

210 2353 405 2434 capitalium
441 2354 623 2415 damnatos
655 2352 897 2414 liberaverunt.
931 2353 1017 2414 lude
1051 2372 1170 2415 eorum
1203 2376 1303 2431 unus,
1334 2366 1408 2418 ante

212 2472 319 2535 Blaesi
343 2474 446 2554 legati
471 2473 618 2534 tribunal
643 2472 809 2534 allevatus
832 2474 967 2545 umeris,
990 2473 1039 2534 sic
1059 2473 1256 2537 declamare
1278 2476 1409 2557 incipit:

258 2593 351 2657 ‚Vos
370 2593 510 2674 quidem
531 2592 582 2653 bis
602 2591 841 2653 innocentibus
861 2602 896 2652 et
916 2591 1112 2652 miserrimis
1131 2591 1244 2655 lucem
1266 2602 1303 2657 et
1320 2595 1412 2675 spiri·

211 2722 283 2773 tum
308 2713 520 2785 reddidistis;
544 2713 604 2772 sed
629 2713 705 2793 quis
722 2710 816 2773 fratri
838 2731 915 2772 meo
935 2712 1052 2784 vitam,
1072 2712 1149 2792 quis
1168 2710 1311 2776 fratrem
1332 2714 1412 2776 mihi

213 2833 344 2897 reddit?
369 2855 470 2915 quem
496 2836 635 2894 missum
657 2834 701 2895 ad
726 2852 788 2894 vos
810 2852 831 2893 a
854 2831 1059 2894 Germanico
1080 2834 1234 2895 exercitu
1257 2835 1303 2897 de
1324 2854 1412 2896 com·

213 2954 370 3016 munibus
397 2955 598 3026 commodis,
628 2962 727 3014 nocte
752 2953 909 3033 proxima
933 2951 1096 3032 iugulavit
1121 2972 1183 3034 per
1205 2952 1415 3034 gladiatores

213 3095 300 3148 suos,
325 3094 410 3156 quos
433 3075 466 3136 in
492 3075 634 3135 exitium
660 3072 803 3134 militum
830 3071 934 3133 babet
958 3079 1062 3151 atque
1085 3071 1232 3133 armat.’'

259 3195 418 3257 Potestne
440 3193 493 3255 hic
513 3192 608 3254 verbi
629 3190 798 3275 iugulavit
816 3192 929 3252 omitti
948 3188 1158 3253 subiectum?
1181 3190 1261 3253 Non
1279 3194 1414 3274 opinor,

214 3315 272 3376 sed
306 3324 342 3377 ut
374 3313 489 3375 omnia
516 3314 582 3374 sint
608 3313 804 3393 perspicua,
830 3318 935 3391 utque
960 3310 994 3371 id
1018 3310 1111 3391 quod
1136 3311 1310 3392 sequitur:
1345 3331 1416 3390 ¹,re-

213 3435 354 3514 sponde
378 3433 504 3505 Blaese,
526 3433 583 3493 ubi
603 3432 750 3493 cadaver
768 3428 964 3503 abieceris,”
978 3439 1012 3492 et
1025 3450 1094 3511 quo
1108 3429 1273 3493 reseratur
1287 3432 1416 3493 babeat

212 3561 246 3613 et
266 3573 360 3614 suam
382 3552 444 3612 sibi
465 3551 620 3613 obtineat
640 3548 873 3623 acerbitatem,
894 3547 1077 3630 legendum
1098 3568 1222 3610 censeo
1241 3550 1417 3632 iugulavit

211 3672 279 3733 iste.
314 3670 427 3732 Facile
461 3671 617 3731 excidere
650 3688 839 3750 pronomen
868 3666 949 3729 illud
975 3667 1097 3748 potuit.
1123 3666 1211 3729 Nam
1236 3668 1281 3730 ad
1309 3690 1415 3751 quem

212 3791 323 3853 locum
349 3789 450 3868 vulgo
476 3789 528 3850 hic
554 3797 769 3870 provocatur,
795 3806 872 3849 eum
897 3806 962 3868 ego
986 3787 1154 3869 integrum
1179 3785 1233 3848 hic
1252 3787 1416 3852 afferam:

213 3911 410 3992 plerumque
435 3911 525 3970 enim
551 3910 583 3971 id
609 3909 777 3971 omittitur
801 3910 891 3970 unde
913 3914 1172 3989 appareat
1194 3908 1358 3989 praesidii
1381 3911 1417 3973 in

213 4050 253 4090 co
279 4030 359 4091 nilril
385 4049 457 4090 esse
483 4029 538 4110 (Α.
565 4029 607 4101 ΙΙ,
634 4028 705 4110 70);

263 4150 392 4227 „Simul
413 4149 507 4210 misse¹
529 4169 550 4209 a
574 4147 693 4209 Pisone
716 4145 963 4217 incusabantur,
989 4153 1026 4207 ut
1051 4143 1246 4207 valitudinis
1265 4147 1419 4212 adversa

215 4272 383 4331 rimantes
417 4268 468 4329 lia
500 4266 703 4328 Germanico
736 4265 824 4326 haud
858 4265 968 4326 minus
994 4264 1043 4325 ira
1067 4283 1169 4344 quam
1194 4284 1255 4346 per
1279 4276 1418 4331 metum

214 4397 364 4470 accepta.
401 4387 434 4449 Si
472 4387 573 4447 limen
610 4384 831 4457 obsideretur,
864 4384 891 4444 si
923 4382 1147 4445 effundendus
1178 4384 1319 4466 spiritus
1351 4389 1419 4452 sub
