3210 5274
737 1334 833 1397 XIX.

406 1602 458 1651 AD
486 1602 686 1652 HISTORIAS
711 1601 1006 1651 ANNOTATIONES
1031 1599 1184 1649 VARIAE.

243 1826 289 1888 H.
316 1827 340 1901 I,
371 1845 418 1907 13.
451 1826 646 1902 Causarum,
672 1847 730 1888 cur
754 1825 928 1890 Othonem
952 1827 1118 1906 adoptare
1144 1823 1257 1886 Galba
1283 1823 1398 1896 nollet,

198 1955 232 2008 ct
265 1947 353 2008 hanc
385 1946 485 2009 luisse
512 1967 614 2009 unam
638 1967 673 2009 se
698 1947 830 2009 credere
852 1944 991 2007 Tacitus
1015 1942 1194 2026 significat,
1220 1944 1315 2023 quod
1342 1964 1399 2024 pa·

200 2086 272 2127 rum
297 2086 316 2126 e
349 2065 523 2148 republica
555 2074 691 2147 putaret
722 2063 826 2127 talem
857 2066 887 2127 ei
920 2063 1110 2145 relinquere
1146 2082 1398 2124 successorem:

202 2186 323 2262 ,credo
348 2194 382 2247 et
408 2184 612 2266 reipublicae
637 2205 752 2247 curam
777 2184 915 2258 subisse,
942 2183 1063 2245 frustra
1086 2203 1105 2244 a
1131 2181 1270 2244 Nerone
1292 2191 1398 2242 trans·

198 2303 297 2377 latae,
329 2304 355 2365 si
388 2305 478 2385 apud
511 2302 685 2367 Othonem
719 2300 997 2385 relinqueretur.'‘
1030 2301 1126 2363 Haec
1158 2302 1264 2382 ipsius
1289 2300 1400 2362 Taciti

200 2422 304 2484 verba
338 2431 426 2484 sunt.
463 2421 584 2483 Altera
615 2440 726 2495 causa,
758 2423 801 2483 de
834 2441 901 2503 qua
933 2441 1000 2483 non
1032 2421 1147 2483 credat
1177 2420 1307 2502 aliquid
1340 2420 1400 2482 sed

200 2549 376 2622 comperta
407 2561 442 2602 se
475 2541 609 2602 tradere
641 2549 736 2602 certo
768 2542 862 2616 sciat,
895 2541 979 2603 haec
1010 2549 1062 2602 est
1094 2541 1186 2620 quod
1214 2539 1309 2601 Vinii
1340 2560 1402 2621 pro

200 2660 339 2724 Othone
360 2658 502 2721 artificia
522 2657 632 2721 Galba
652 2661 881 2740 perspexerit:
907 2680 1037 2741 ,neque
1055 2668 1127 2721 erat
1140 2658 1270 2722 Galbae
1285 2660 1402 2741 ignota

200 2779 347 2842 Othonis
367 2798 407 2840 ac
427 2777 496 2839 Titi
519 2777 612 2840 Vinii
632 2777 815 2840 amicitia.”
841 2778 908 2842 Sed
930 2786 965 2840 et
985 2779 1086 2840 tertia
1106 2797 1206 2839 causa
1231 2779 1403 2858 quaedam

201 2897 272 2970 luit,
300 2917 387 2978 quae
409 2897 565 2973 Galbam,
586 2914 702 2960 senem
725 2918 896 2960 morosum
918 2906 953 2960 et
972 2899 1135 2960 adversus
1155 2917 1309 2959 rumores
1330 2919 1403 2980 per·

200 3018 358 3090 tinacem,
391 3016 581 3098 impelleret
612 3025 649 3078 ut
673 3018 720 3079 sic
744 3037 859 3078 secum
884 3017 1095 3097 loqueretur:
1125 3025 1178 3096 ,at
1202 3037 1268 3098 ego
1294 3017 1327 3077 id
1353 3018 1401 3098 ip·

176 3155 285 3208 ,sum,
322 3135 413 3216 quod
452 3155 505 3197 me
541 3134 708 3198 iacturum
745 3136 972 3197 vaticinantur
1008 3136 1115 3218 inepti
1146 3135 1200 3197 isti
1233 3135 1401 3207 homines,

201 3276 374 3337 nunquam
401 3253 553 3316 faciam.”
580 3254 707 3316 Totum
731 3254 840 3316 Taciti
865 3254 977 3316 locum
1002 3254 1067 3316 huc
1093 3253 1322 3337 pertinentem
1345 3274 1402 3314 ex·

201 3374 358 3448 scribam,
391 3374 437 3435 ita
470 3373 626 3446 divisum,
659 3381 695 3434 ut
729 3392 840 3447 nem0,
872 3373 929 3455 qui
963 3393 1050 3454 quae
1083 3373 1137 3435 hic
1167 3373 1401 3454 praemiserim

202 3493 332 3575 legerit,
365 3492 434 3555 ullo
467 3493 571 3554 modo
603 3491 760 3554 dubitare
792 3492 909 3573 possit,
941 3490 1022 3572 quin
1050 3512 1168 3554 causae
1191 3490 1236 3552 ibi
1263 3512 1403 3554 enume-

204 3621 330 3686 rentur,
363 3630 450 3692 quae
482 3609 526 3672 ab
560 3609 698 3674 Othone
724 3619 874 3673 mentem
899 3607 1029 3672 Galbae
1055 3610 1108 3672 vel
1133 3609 1405 3673 abalienaverint

204 3730 257 3793 vel
281 3739 373 3792 certe
397 3729 590 3792 abalienare
616 3731 806 3812 potuerint:

247 3872 278 3911 a.
306 3849 427 3930 Neque
444 3858 516 3911 erat
538 3848 667 3912 Galbae
689 3850 806 3931 ignota
827 3849 974 3913 Othonis
987 3869 1026 3911 ac
1040 3848 1121 3911 Titii
1136 3848 1228 3910 Vinii
1241 3851 1404 3913 amicitia.

247 3968 275 4030 b.
302 3968 347 4030 Et
372 3968 562 4030 rumoribus
587 3967 669 4030 nihil
694 3968 829 4031 silentio
853 3968 1166 4041 transmittentium,
1192 3968 1272 4048 quia
1298 3968 1404 4031 Vinio

205 4089 305 4149 vidua
331 4086 407 4161 filia,
433 4086 567 4150 caelebs
592 4085 695 4161 Otho,
720 4107 824 4168 gener
848 4107 889 4150 ac
912 4108 1009 4149 socer
1034 4087 1303 4150 destinabantur.

247 4227 272 4267 c.
306 4206 417 4267 Credo
449 4215 483 4267 et
515 4205 721 4288 reipublicae
753 4226 867 4268 curam
899 4207 1039 4281 subisse,
1072 4206 1193 4269 frustra
1217 4226 1237 4268 a
1262 4205 1402 4270 Nerone

203 4325 395 4397 translatae,
420 4326 446 4386 si
470 4326 560 4406 apud
587 4325 760 4388 Othonem
786 4325 1040 4406 relinqueretur.
