3210 5274
787 361 828 427 29

205 522 327 586 Alteri
351 525 402 586 vir
426 525 547 588 doctus
570 526 717 587 tentavit
741 527 833 607 quod
858 524 980 608 legitur
1007 525 1051 587 A.
1076 525 1137 601 ΙΙΙ,
1162 544 1224 607 49:

253 645 338 707 Fine
373 645 453 706 anni
489 644 678 707 Clutorium
713 645 874 721 Priscum,
907 646 1058 728 equitem
1090 646 1293 720 Romanum,
1324 654 1402 727 post

206 760 341 825 celebre
372 782 520 838 carmen,
546 784 614 844 quo
638 763 831 827 Germanici
856 783 1014 846 suprema
1037 761 1233 838 defleverat,
1258 766 1403 845 pecunia

206 880 371 943 donatum
397 901 417 943 a
441 881 595 956 Caesare,
619 882 781 964 corripuit
807 881 949 958 delator,
973 883 1149 945 obiectans
1167 902 1271 964 aegro
1291 883 1402 946 Druso

206 1001 447 1082 composuisse,
480 1002 584 1082 quod,
615 1003 642 1064 si
673 1003 860 1065 exstinctus
882 1001 979 1078 soret,
1005 1003 1131 1065 maiore
1156 1004 1308 1084 praemio
1331 1003 1403 1066 vul·

205 1128 351 1201 garetur.
378 1119 417 1182 Id
442 1119 612 1183 Clutorius
636 1121 669 1182 in
694 1121 798 1182 domo
824 1120 858 1182 P.
883 1120 1030 1183 Petronii
1055 1141 1152 1182 socru
1178 1121 1248 1183 eius
1261 1120 1401 1185 Vitellia

206 1256 322 1299 coram
346 1237 529 1319 multisque
553 1237 737 1301 illustribus
760 1237 893 1301 feminis
916 1259 977 1321 per
1001 1239 1290 1321 vaniloquentiam
1311 1239 1400 1321 lege·

207 1364 269 1418 rat.
307 1356 355 1419 Ut
387 1355 520 1418 delator
550 1357 692 1431 exstitit,
724 1357 844 1419 ceteris
875 1358 918 1419 ad
951 1359 1134 1420 dicendum
1165 1358 1398 1421 testimonium

206 1475 387 1549 exterritis
411 1473 483 1535 sola
508 1473 647 1536 Vitellia
671 1474 813 1551 nihilse
836 1475 1005 1537 audivisse
1029 1477 1254 1538 adseveravit.

252 1593 317 1654 Pro
348 1593 477 1676 legerat
508 1592 758 1656 Weisbrodtius
789 1594 935 1656 coniecit
967 1595 1097 1669 iecerat,
1130 1596 1222 1677 quod
1247 1595 1400 1677 plerique

204 1711 356 1774 editores
376 1713 410 1774 in
431 1720 563 1774 textum
584 1720 794 1794 receperunt,
815 1712 888 1787 hac,
910 1714 1023 1787 credo,
1045 1732 1080 1774 re
1094 1713 1178 1775 moti
1190 1714 1282 1794 quod
1296 1714 1399 1776 etiam

206 1830 269 1905 VI,
301 1848 339 1912 31
373 1832 515 1895 iocundi
544 1831 685 1893 verbum
717 1850 793 1893 cum
827 1829 1000 1893 vocabulis
1025 1843 1091 1914 per
1121 1831 1397 1912 vaniloquentiam

205 1950 366 2030 iungitur,
398 1951 493 2031 quasi
526 1969 608 2012 vero
639 1949 721 2011 nihil
752 1949 842 2012 aliud
873 1970 935 2031 per
965 1949 1256 2031 vaniloquentiam
1289 1949 1400 2012 iacere

205 2068 386 2148 quisquam
410 2069 516 2149 possit
540 2087 643 2148 quam
664 2068 779 2141 iacere,
796 2067 949 2149 gloriari
966 2066 1097 2130 similia.
1119 2068 1168 2131 At
1188 2088 1252 2150 ego
1272 2068 1401 2152 legerat

205 2187 422 2250 retinendum
454 2206 588 2249 censeo.
621 2187 673 2248 De
705 2194 815 2248 morte
846 2184 1037 2249 Germanici
1069 2186 1238 2249 Clutorius
1261 2207 1397 2251 carmen

204 2303 333 2367 fecerat
365 2313 399 2367 et
430 2306 559 2387 grande
590 2324 652 2386 pro
683 2323 725 2366 eo
756 2311 935 2385 acceperat
959 2305 1164 2385 praemium;
1190 2305 1331 2367 vixdum
1355 2307 1398 2369 de

206 2424 328 2486 morbo
361 2423 460 2485 Drusi
493 2424 617 2486 certior
643 2421 752 2485 factus
774 2430 825 2484 est
850 2430 894 2497 et,
919 2422 1055 2484 maioris
1079 2423 1244 2484 mercedis
1268 2443 1339 2504 spe,
1363 2444 1399 2486 se

204 2543 249 2605 ad
283 2562 409 2605 novum
441 2543 588 2625 accingit
619 2561 752 2624 poema.
782 2542 923 2623 Iamque
947 2550 1079 2623 partem
1104 2542 1174 2604 eius
1198 2543 1400 2606 recitaverat

204 2662 420 2744 quibusdam,
456 2662 515 2741 qui
547 2661 708 2723 eiusmodi
740 2661 969 2723 recitationum
999 2660 1266 2743 auditionumque
1296 2682 1396 2725 causa

203 2793 431 2844 convenerant.
453 2781 542 2843 Nam
562 2780 666 2842 talem
687 2787 894 2842 conventum
915 2778 1005 2842 haud
1019 2779 1121 2841 dubie
1135 2781 1246 2842 verbis
1258 2781 1293 2843 in
1305 2780 1399 2844 domo

202 2899 246 2962 P.
271 2899 425 2963 Petronii
447 2921 558 2963 coram
583 2899 697 2963 multis
720 2899 907 2962 illustribus
918 2898 1061 2982 feminis
1080 2898 1241 2961 describit
1261 2901 1399 2964 Tacitus

202 3026 240 3080 et
263 3026 397 3081 tantum
423 3038 491 3080 non
516 3018 681 3100 depingit.
707 3016 762 3079 An
788 3025 887 3099 putas
911 3015 1085 3079 Vitelliam
1106 3037 1231 3098 negare
1251 3038 1319 3080 non
1339 3039 1399 3101 po·

202 3138 308 3200 tuisse
332 3138 499 3200 audivisse
521 3136 666 3218 sequaci
685 3156 797 3199 coram
821 3137 894 3217 ipsa
919 3134 1027 3199 luerat
1047 3135 1245 3199 recitatum?
1266 3137 1399 3220 Inspice

202 3275 286 3337 ergo
310 3256 402 3318 Ann.
429 3255 525 3330 XIV,
549 3257 611 3334 48:

249 3374 470 3437 Antistius..
491 3375 655 3456 probrosa
676 3374 838 3435 adversus
858 3373 1045 3455 principem
1067 3376 1217 3438 carmina
1232 3376 1399 3440 factitavit

200 3494 419 3577 vulgavitque
452 3494 570 3557 celebri
602 3493 757 3566 convivio,
788 3493 867 3555 dum
899 3493 992 3575 apud
1021 3491 1189 3558 Ostorium
1220 3495 1397 3578 Scapulam

200 3613 360 3696 epulatur
380 3660 498 3675 ......
522 3613 567 3676 Et
587 3632 664 3675 curn
684 3610 839 3674 Ostorius
851 3611 940 3674 nihil
947 3613 1114 3677 audivisse
1126 3634 1187 3695 pro
1200 3613 1397 3677 testimonio

202 3732 367 3795 dixisset.
382 3780 390 3794 .
403 3780 412 3795 .
427 3780 434 3794 .

248 3859 283 3913 et
307 3859 488 3932 exemptus
512 3850 573 3912 tibi
598 3850 708 3912 omnis
731 3848 795 3912 erit
818 3847 1003 3930 scrupulus
