3292 5280
800 395 860 474 189

273 570 328 635 Sic
352 572 385 634 in
410 571 529 634 codice
554 580 615 647 est,
639 572 696 653 qui
718 592 798 654 ergo
817 573 1050 654 spectaculum
1071 572 1169 634 nobis
1189 571 1331 634 exhibet
1352 591 1420 633 ma-

227 691 387 755 nifestum
405 691 635 754 annotationis
654 712 673 753 e
693 693 843 773 margine
863 692 896 754 in
915 700 1048 754 textum
1066 693 1255 773 transgredi
1274 692 1420 754 conantis

227 813 337 876 etiam.
373 810 458 875 Cum
484 811 575 873 enim
599 812 632 874 in
653 812 842 894 archetypo
864 811 957 874 locus
976 813 1023 874 ita
1044 822 1132 875 esset
1153 813 1297 894 scriptus
1318 811 1420 892 (dabo

228 940 342 994 autem
374 931 538 993 linearum
571 932 699 1014 primae
723 933 961 1012 secundaeque
985 932 1225 994 tantummodo
1250 940 1419 993 extremas

228 1051 372 1132 partes):

363 1218 759 1233 ........
808 1173 944 1235 nomine
968 1173 1060 1236 ciens
1143 1171 1309 1254 praemiis

363 1337 758 1354 ........
806 1291 947 1373 legionis
970 1299 1086 1353 sextae
1147 1311 1265 1354 vocans
1327 1319 1332 1334 =

359 1411 493 1492 signum
518 1411 561 1474 ad
586 1431 663 1474 eum
688 1411 908 1486 transtulerit,

227 1550 336 1593 novus
355 1530 510 1594 librarius
531 1533 677 1615 primum
698 1540 775 1613 post
794 1533 879 1594 ciens
892 1539 1000 1594 totam
1014 1532 1281 1606 annotationem,
1295 1532 1446 1620 deinde⁸
1467 1599 1472 1609 ,

226 1659 304 1732 post
328 1663 440 1714 sextae
463 1651 588 1713 iterum
612 1652 753 1713 alteram
778 1652 849 1714 eius
874 1660 1006 1734 partem
1031 1652 1064 1714 in
1089 1658 1221 1713 textum
1245 1652 1384 1733 recepit.

271 1769 380 1833 Vides
404 1791 472 1832 non
498 1772 617 1833 deesse
641 1772 675 1833 in
696 1771 813 1834 codice
837 1770 993 1834 Mediceo
1015 1772 1125 1853 priore
1146 1772 1217 1833 eius
1238 1772 1295 1845 rei,
1316 1790 1419 1851 quam

227 1890 395 1965 dicebam,
410 1891 582 1973 praeclara
594 1891 762 1973 exempla.
784 1890 833 1954 At
845 1890 946 1972 longe
959 1892 1082 1972 largior
1095 1892 1128 1953 in
1143 1890 1301 1953 Mediceo
1313 1891 1421 1953 altero

228 2012 346 2074 messis
370 2020 432 2074 est.

272 2130 316 2194 A.
339 2131 416 2205 XII,
440 2149 491 2213 33.
517 2130 603 2211 ,Sed
625 2140 698 2194 tum
710 2140 784 2194 astu
798 2131 950 2194 locorum
965 2131 1082 2194 sraude
1095 2132 1186 2214 prior
1199 2130 1417 2213 (Caratacus),

227 2252 260 2312 vi
286 2250 429 2313 militum
455 2251 601 2326 inferior,
625 2250 785 2314 transfert
809 2251 935 2313 bellum
961 2252 994 2313 in
1018 2250 1240 2314 Ordovicas.''

272 2371 474 2434 Rectissime
490 2373 625 2455 fraude
647 2371 783 2434 seclusit
808 2371 971 2446 Halmius,
998 2374 1100 2453 quod,
1122 2371 1203 2433 olim
1222 2392 1324 2454 supra
1343 2385 1418 2436 astu

225 2493 400 2574 scriptum,
425 2492 458 2554 in
483 2512 560 2555 eum
585 2500 699 2556 textus
723 2492 835 2555 locum
860 2492 1004 2575 irrepsit,
1026 2492 1082 2554 ubi
1104 2492 1180 2554 ferri
1202 2492 1295 2555 nullo
1316 2494 1419 2555 modo

226 2611 343 2693 possit.
365 2609 431 2692 Qui
452 2611 542 2674 enim
563 2611 653 2675 istud
672 2624 747 2676 astu
768 2612 913 2676 locorum
919 2614 1054 2695 fraude
1065 2611 1255 2675 defendunt
1267 2612 1381 2687 etiam,
1394 2612 1416 2674 ii

225 2750 328 2793 sanae
352 2732 458 2794 menti
482 2730 632 2793 indicere
656 2730 781 2793 bellum
808 2732 889 2794 mihi
913 2732 1053 2813 quidem
1078 2731 1236 2794 videntur
1253 2729 1284 2812 ¹).

272 2849 387 2914 Simile
423 2852 516 2932 quid,
553 2871 615 2914 nec
651 2852 761 2914 minus
798 2851 978 2926 funestum,
1014 2851 1166 2913 evenisse
1203 2852 1338 2914 videtur
1372 2851 1416 2914 A.

227 2971 323 3047 XIII,
360 2989 408 3051 14.
440 2971 530 3035 Irata
561 2971 690 3034 Neroni
721 2971 914 3054 Agrippina
938 2971 1160 3035 Brittanicum
1185 2992 1220 3034 se
1244 2972 1287 3034 ad
1312 2972 1418 3054 impe-

227 3092 312 3154 rium
338 3100 534 3155 vocaturam
559 3093 723 3154 minatur:

274 3211 420 3290 „Ituram
444 3231 522 3274 cum
547 3210 604 3273 illo
628 3211 661 3273 in
686 3218 814 3286 castra;
834 3211 1007 3273 audiretur
1028 3209 1106 3272 hinc
1127 3209 1318 3272 Germanici
1340 3209 1418 3284 filia,

225 3331 305 3394 Inde
337 3330 457 3393 debilis
485 3328 607 3394 Burrus
634 3338 669 3393 et
692 3329 770 3392 exul
795 3328 936 3403 Seneca,
961 3337 1080 3391 trunca
1104 3328 1232 3390 scilicet
1257 3348 1358 3390 manu
1384 3337 1418 3391 et

225 3450 427 3533 professoria
451 3451 566 3533 lingua
589 3449 721 3532 generis
744 3447 882 3510 humani
908 3448 1058 3529 regimen
1083 3445 1373 3530 expostulantes.'‘

271 3570 362 3634 Num
386 3570 572 3651 quidquam
597 3587 746 3649 unquam
770 3567 934 3648 scrIptum
958 3575 1010 3628 est
1033 3566 1131 3629 simul
1152 3566 1186 3628 et
1206 3567 1363 3630 disertius
1383 3567 1417 3630 et

226 3690 333 3771 magis
358 3685 593 3772 perspicuum?
619 3687 696 3749 Non
723 3695 838 3748 tamen
864 3684 1127 3768 pulcherrimum
1152 3685 1241 3748 istud
1265 3687 1415 3750 hinc....

224 3872 421 3882 -—

264 3980 290 4046 ι)
315 3979 394 4042 Quod
414 3979 447 4029 ad
466 3978 624 4044 peculiarem
642 3979 714 4028 illam
733 3976 891 4027 substantivi
911 3983 972 4024 astu
991 3975 1208 4039 significationem
1227 3976 1280 4043 (ars
1300 3977 1414 4042 eligendi

224 4067 311 4132 campi
336 4066 390 4115 suis
408 4065 535 4115 militibus
553 4066 621 4131 apti)
640 4065 764 4130 pertinet,
782 4063 815 4113 cl.
836 4064 871 4113 H.
891 4064 924 4111 V.
946 4075 992 4125 17:
1014 4078 1097 4126 „quae
1116 4063 1247 4127 provideri
1266 4073 1323 4113 astu
1341 4063 1415 4113 ducis

224 4152 379 4218 oportuerit,
404 4151 517 4218 provisa,
540 4167 647 4216 campos
671 4151 805 4200 madentes
830 4157 856 4198 et
881 4149 946 4213 Ipsis
970 4164 1074 4214 gnaros,
1092 4149 1210 4198 hostibus
1230 4149 1348 4216 noxios,''
1368 4151 1414 4215 qui

223 4240 297 4289 locus
322 4238 461 4288 admonere
486 4239 589 4289 videtur
607 4245 636 4288 ut
653 4239 696 4287 hic
715 4237 760 4303 (A.
781 4237 843 4301 ΧΗ,
865 4235 911 4300 33)
930 4236 1042 4283 locorum
1062 4251 1168 4300 quoque
1187 4236 1334 4303 deleamus3
1353 4253 1413 4285 nam

217 4324 323 4389 fraude
345 4324 458 4372 locorum
483 4325 556 4374 vocis
580 4333 640 4374 astu
664 4325 702 4374 sic
721 4322 854 4373 adhibitae
873 4335 927 4369 uon
946 4320 1065 4384 Ineptum
1085 4329 1124 4369 est
1143 4322 1413 4386 iuterpretamentum.

224 4410 277 4461 Sed
294 4409 403 4459 sonasse
414 4409 520 4474 fraude
536 4409 624 4460 delere
642 4410 744 4459 sufficit.
