3210 5274
775 366 831 435 151

206 530 349 614 posthac
375 530 591 595 historiarum
616 532 799 615 scriptores
822 554 958 616 semper
981 544 1014 597 et
1039 534 1165 615 ubique
1186 533 1258 596 illas
1274 533 1405 595 addant

203 652 308 715 etiam
341 671 419 715 cum
448 652 491 715 de
516 651 699 734 praeclaris
723 654 898 716 hominum
925 653 1106 717 virtutibus
1131 650 1287 716 narrant?
1312 650 1405 714 Nihil

201 774 293 835 enim
319 780 390 836 tarn
415 782 546 836 rectum
571 773 810 856 sincerumque
835 783 886 837 est
910 775 1002 855 quod
1024 794 1092 836 non
1113 772 1177 836 hac
1196 772 1327 835 ratione
1348 772 1405 834 de·

203 893 355 975 torqueri
380 893 630 975 depravarique
655 894 773 976 possit.

252 1012 297 1075 A.
323 1012 385 1087 III,
408 1031 463 1092 44.
488 1012 633 1075 Romam
655 1032 732 1075 curn
753 1013 891 1076 nuntius
911 1014 954 1076 de
974 1011 1192 1075 Trevirorum
1212 1020 1247 1075 ct
1267 1011 1407 1074 Aeduo-

206 1152 280 1195 rum
317 1130 511 1195 delectione
547 1140 636 1194 esset
671 1130 804 1207 allatus,
837 1131 1022 1195 vehemens
1052 1131 1245 1195 sollicitudo
1275 1131 1407 1194 animos

207 1253 400 1335 occupavit,
426 1272 514 1326 narn,
541 1242 578 1315 'ut
602 1252 675 1334 ipse
699 1251 837 1316 Tacitus
860 1252 925 1316 ait:
954 1263 1105 1333 „cuncta
1131 1261 1168 1315 ut
1192 1272 1265 1315 mos
1285 1251 1406 1327 lamae,

208 1374 243 1437 in
269 1372 376 1435 maius
400 1371 564 1436 credita.'’
588 1370 748 1454 Sequitur
771 1372 852 1435 hoc:

258 1492 438 1575 ¹,Optimus
465 1492 608 1574 quisque
633 1492 680 1554 rei
705 1491 861 1575 publicae
885 1513 965 1555 cura
989 1492 1180 1568 maerebat;
1206 1491 1302 1554 multi
1326 1492 1407 1554 odio

210 1612 440 1695 praesentium
480 1620 515 1673 et
550 1612 710 1693 cupidine
745 1612 942 1675 mutationis
977 1612 1044 1675 suis
1078 1631 1215 1693 quoque
1251 1610 1408 1693 periculis

209 1731 425 1795 laetabantur
456 1731 747 1813 increpabantque
779 1731 963 1806 Tiberium,
996 1731 1088 1812 quod
1117 1731 1148 1794 in
1174 1738 1272 1793 tanto
1296 1750 1407 1793 rerum

209 1862 305 1915 motu
331 1851 453 1915 libellis
477 1860 712 1915 accusatorum
737 1853 922 1915 insumeret
942 1871 1092 1933 operam.
1115 1850 1171 1912 An
1193 1849 1407 1915 Sacrovirum
1445 1936 1448 1941 Ι

211 1972 398 2035 maiestatis
433 1972 573 2034 crimine
607 1992 701 2034 reum
732 1972 766 2034 in
798 1980 917 2034 senatu
950 1968 1041 2034 iore?
1074 1971 1237 2033 Extitisse
1268 1971 1408 2033 tandem

211 2093 310 2167 viros,
332 2092 390 2173 qui
411 2099 569 2154 cruentas
589 2090 750 2173 epistolas
770 2093 872 2154 armis
891 2091 1100 2153 cohiberent.
1116 2090 1275 2152 Miseram
1288 2110 1408 2172 pacem

213 2212 265 2275 vel
291 2211 382 2275 bello
407 2212 495 2274 bene
520 2210 675 2273 mutari.”

257 2332 311 2394 De
338 2306 484 2413 epistolis
507 2330 562 2393 hic
587 2331 739 2412 legimus,
765 2330 797 2393 in
823 2331 1106 2412 praecedentibus
1131 2332 1171 2412 (c.
1198 2331 1250 2413 38)
1276 2331 1318 2393 de
1344 2351 1410 2393 reeta

213 2451 454 2514 tantummodo
479 2450 624 2534 epistola
648 2459 819 2513 narratum
840 2459 901 2524 est,
923 2451 1079 2531 inquam
1100 2451 1306 2513 adiectivum
1327 2449 1408 2512 illud

214 2585 370 2636 cruentus
394 2580 566 2654 utcunque
591 2570 783 2633 conveniat.
807 2569 842 2633 Si
867 2570 979 2652 plures
999 2571 1165 2634 eiusmodi
1186 2572 1252 2634 iarn
1277 2569 1411 2633 luerunt

213 2694 375 2756 recitatae
399 2692 433 2754 in
453 2700 584 2767 senatu,
605 2690 723 2772 quidni
743 2710 800 2753 cas
821 2689 960 2753 Tacitus
981 2688 1212 2753 enumeravit?
1233 2691 1412 2753 Praeterea

213 2813 269 2895 qui
296 2831 448 2875 rumores
471 2810 545 2873 illos
569 2818 743 2893 spargunt,
771 2810 891 2872 mirum
916 2809 950 2872 in
975 2811 1115 2873 modum
1141 2810 1202 2892 ipsi
1227 2810 1290 2872 sibi
1316 2809 1411 2872 oblo-

213 2940 380 3015 quuntur:
402 2932 548 3013 primurn
569 2930 659 2993 enim
681 2937 933 3011 conqueruntur
954 2930 1047 3011 quod
1069 2950 1157 2992 nunc
1177 2929 1299 2992 libellis
1313 2950 1410 2993 accu-

213 3060 365 3113 satorum
397 3058 497 3113 vacet
528 3049 695 3124 Tiberius,
728 3050 853 3113 deinde
884 3050 1034 3112 addunt:
1066 3069 1174 3128 „nunc
1199 3050 1327 3112 inventi
1352 3050 1411 3112 ho·

215 3172 334 3245 mines,
366 3170 424 3251 qui
456 3169 550 3250 (alias
580 3168 720 3231 Tiberio
751 3168 955 3251 praebentes
985 3169 1240 3251 occupationes)
1264 3170 1412 3232 cruentis

215 3288 286 3351 istis
306 3288 460 3370 epistolis
481 3289 659 3369 imponant
680 3286 816 3350 finem.”
838 3288 889 3350 Ita
909 3290 1011 3364 enim,
1031 3290 1113 3351 dum
1133 3309 1290 3352 accusare
1311 3289 1411 3353 Tibe·

216 3408 301 3470 rium
325 3408 389 3470 sibi
415 3405 584 3481 videntur,
608 3406 697 3471 ultro
722 3427 797 3469 eum
822 3406 979 3469 laudant:
1001 3417 1190 3489 agnoscunt
1211 3409 1301 3471 enim
1323 3430 1411 3485 eum,

216 3529 241 3589 si
266 3547 386 3590 revera
410 3525 595 3609 periculum
618 3526 761 3608 ingruat,
782 3526 988 3608 reipublicae
1009 3547 1077 3589 non
1099 3527 1302 3590 defuturum.
1323 3528 1411 3591 Nam

218 3646 398 3728 quominus
429 3647 477 3709 sic
502 3645 614 3708 locum
639 3645 845 3727 accipiamus
870 3655 906 3708 ut
930 3645 1113 3710 cohiberent
1136 3647 1228 3709 idem
1252 3648 1294 3709 sit
1319 3649 1411 3729 quod

217 3766 363 3830 cohibere
381 3765 540 3839 deberent,
563 3765 701 3827 obstant
723 3762 889 3827 vocabula
901 3766 1025 3829 inventi
1035 3766 1176 3829 tandem.
1191 3768 1347 3848 Denique
1360 3788 1413 3830 res

218 3906 258 3949 eo
278 3886 368 3949 redit
389 3894 426 3948 ut
443 3906 505 3968 pro
518 3892 613 3947 certo
626 3884 792 3946 affirmare
806 3884 905 3946 nobis
917 3883 1018 3947 liceat
1031 3885 1140 3948 nullos
1153 3886 1318 3951 eiusmodi
1332 3897 1413 3951 tunc

219 4005 316 4069 luisse
338 4004 430 4087 vulgi
450 4006 492 4068 de
514 4004 653 4067 Tiberio
674 4024 834 4079 rumores,
855 4005 914 4067 sed
936 4006 1059 4089 cupide
1081 4006 1295 4089 maligneque
1316 4028 1374 4070 eos
1394 4030 1414 4072 a

218 4124 338 4190 Tacito
363 4126 530 4188 inventos.
556 4125 747 4188 Domitiano
770 4124 960 4206 imperante
984 4126 1085 4190 fuisse
1109 4128 1166 4209 qui
1192 4129 1249 4204 ita,
1271 4138 1414 4194 externo

218 4246 348 4309 oriente
368 4244 470 4320 bello,
490 4245 543 4307 vel
565 4244 784 4326 loquerentur
804 4244 857 4306 vel
871 4247 965 4308 taciti
978 4266 1093 4309 secum
1106 4256 1295 4323 censerent,
1308 4251 1415 4314 credi·

220 4363 284 4428 bile
305 4371 368 4427 est.
391 4362 458 4428 Sed
479 4364 656 4426 videamus
675 4382 763 4444 quae
783 4363 825 4425 de
847 4364 920 4446 ipso
937 4364 1076 4428 Tiberio
1088 4365 1246 4429 subiiciat
1258 4367 1415 4434 Tacitus:
