3210 5274
766 369 832 432 266

199 551 247 612 sic
272 557 309 610 ut
324 570 429 631 gener
449 558 484 612 et
503 570 594 612 socer
615 570 715 612 unam
737 570 818 623 rem,
841 569 943 611 unam
963 549 1174 620 affinitatem,
1196 547 1395 628 significent,

200 667 498 731 coniunctionibus
529 690 591 751 que
621 669 675 731 vel
706 680 739 731 et
767 668 965 741 vinciamus,
991 668 1045 729 hic
1074 687 1197 748 ,gener
1222 688 1262 728 ac
1285 665 1397 728 socer”

199 788 331 870 legitur.

245 1026 288 1089 H.
315 1026 340 1101 1,
367 1040 419 1107 37.
453 1026 491 1088 In
524 1027 642 1089 castris
673 1027 851 1108 praetoriis
876 1024 971 1088 Otho
994 1025 1036 1086 ad
1064 1024 1188 1087 milites
1213 1026 1401 1088 orationem

198 1144 313 1218 habet,
349 1165 417 1226 qua
453 1145 493 1206 iis
524 1146 559 1207 in
593 1147 792 1207 memoriam
826 1153 927 1207 vocat
960 1165 1185 1227 quaecunque
1216 1146 1328 1209 Galba
1360 1149 1400 1209 ad

199 1264 332 1327 Italiam
353 1266 521 1327 accedens
541 1265 718 1346 ipsamque
739 1264 859 1326 urbem
880 1266 1009 1327 intrans
1029 1265 1212 1327 crudeliter
1233 1265 1325 1328 fecit.
1351 1266 1402 1328 Ibi

197 1392 233 1446 et
257 1383 345 1446 hanc
370 1384 514 1465 legimus
537 1384 841 1447 exclamationem:

247 1500 362 1583 ,Quae
388 1523 529 1584 usquam
554 1504 740 1585 provincia,
766 1525 854 1585 quae
879 1514 989 1587 castra
1013 1513 1092 1567 sunt
1118 1505 1180 1567 nisi
1205 1515 1349 1568 cruenta
1369 1514 1403 1568 et

197 1620 379 1696 maculata,
403 1629 472 1696 aut,
497 1630 534 1684 ut
559 1623 631 1704 ipse
656 1624 842 1705 praedicat,
867 1625 1051 1686 emendata
1075 1633 1109 1686 et
1134 1625 1313 1687 correcta”
1330 1625 1362 1707 ¹).

246 1742 324 1823 Ipse
355 1762 457 1804 sonus
489 1741 671 1804 verborum
706 1763 813 1825 ,quae
846 1743 1030 1824 provincia,
1056 1762 1144 1825 quae
1169 1752 1282 1805 castra
1306 1742 1404 1807 sunt”

201 1861 304 1922 habet
336 1862 429 1942 quod
463 1861 584 1923 vitium
616 1870 743 1944 crepet.
777 1863 829 1924 De
861 1863 1032 1924 sententia
1065 1864 1253 1925 videamus.
1280 1864 1405 1927 Nonne

201 1981 384 2043 absurdum
421 1990 472 2043 est
508 1982 718 2044 contendere
755 1982 882 2044 nullam
919 2003 1058 2064 usquam
1084 2003 1163 2045 esse
1190 1986 1405 2066 provinciam

201 2121 303 2183 quarn
335 2120 404 2162 non
436 2119 555 2163 cruore
583 2101 764 2182 asperserit
789 2100 918 2163 Galba?
944 2102 1035 2164 Num
1060 2102 1223 2165 credibile
1249 2102 1333 2166 illud
1359 2105 1406 2166 vi·

151 2303 153 2306 Ι
201 2221 273 2283 deri
310 2228 445 2302 poterat
480 2220 533 2281 vel
566 2221 647 2301 ipsis
680 2220 844 2283 militibus
875 2222 1024 2296 urbanis,
1058 2222 1182 2304 quibus
1212 2223 1279 2285 hoc
1311 2232 1405 2287 certe

201 2348 321 2402 notum
353 2339 462 2414 luerit,
495 2359 605 2420 equa
630 2341 806 2421 provincia
829 2342 863 2402 in
889 2340 1022 2417 Italiam
1047 2341 1196 2404 venisset
1221 2341 1344 2418 Galba,
1370 2353 1405 2406 et

201 2479 288 2540 quae
320 2460 350 2520 ei
383 2458 500 2521 luisset
526 2460 746 2539 pervadenda
771 2458 968 2541 provincia?
992 2459 1110 2541 Atque
1135 2462 1208 2542 ipsa
1232 2483 1303 2524 vox
1323 2475 1403 2545 pro·

199 2579 310 2641 vincia
340 2578 421 2660 quid
447 2576 551 2639 habet
576 2579 668 2659 quod
695 2577 917 2641 vehementer
940 2580 1072 2642 animos
1098 2581 1242 2643 militurn
1270 2602 1404 2662 permo-

200 2695 300 2760 veat?
323 2696 425 2771 Nihil,
439 2705 484 2792 'ut
506 2696 637 2778 opinor.
661 2694 728 2759 Sed
748 2698 967 2778 inspiciamus
980 2699 1118 2781 longam
1132 2700 1223 2763 illam
1236 2700 1404 2764 scelerum

200 2817 504 2890 enumerationem,
529 2835 617 2897 quae
641 2815 746 2878 hacce
771 2817 1020 2880 exclamatione
1045 2818 1230 2882 clauditur:
1256 2822 1300 2883 de
1321 2822 1404 2884 clas·

200 2937 307 3000 siariis
331 2937 450 3017 agitur,
476 2954 621 3016 quorum
647 2942 781 3017 partem
806 2935 915 2998 Galba
939 2937 1134 3011 trucidavit,
1158 2947 1292 3019 partem
1315 2941 1405 3002 deci·

201 3056 316 3130 mavit,
350 3056 392 3117 de
426 3054 574 3117 Fonteio
599 3053 777 3135 Capitone,
804 3054 925 3118 Clodio
951 3055 1080 3131 Macro,
1107 3057 1323 3140 Nymphidio
1350 3079 1405 3121 oc·

201 3176 277 3238 cisis
313 3183 346 3236 et
381 3173 588 3256 quibusdam
622 3173 706 3248 aliis,
742 3176 802 3237 sed
836 3173 1005 3257 plerisque
1038 3175 1212 3257 copiarum
1247 3176 1404 3239 ducibus.

202 3294 305 3376 Ergo,
325 3294 352 3355 si
378 3294 446 3355 duo
469 3294 578 3355 triave
603 3293 742 3355 nomina
766 3293 965 3375 excipimus,
990 3300 1064 3355 tota
1088 3295 1153 3356 ista
1176 3293 1307 3356 Galbae
1332 3316 1406 3358 cru·

202 3413 324 3477 delitas
344 3414 387 3476 ad
412 3412 503 3475 solos
523 3411 647 3474 milites
667 3420 702 3474 et
722 3413 764 3474 ad
787 3413 887 3487 viros,
908 3413 966 3494 qui
989 3412 1152 3475 militibus
1173 3413 1405 3495 praefuerunt,

203 3535 376 3618 pertinuit.
409 3534 465 3608 Et,
499 3540 535 3594 ut
566 3531 697 3613 opinor,
730 3531 862 3593 etiamsi
896 3540 1072 3613 praeterea
1096 3532 1130 3592 in
1156 3540 1293 3613 togatos
1316 3534 1405 3596 iner-

203 3674 342 3736 mesque
367 3650 592 3736 provinciales
616 3651 791 3713 saeviisset
816 3650 934 3725 Galba,
959 3659 1075 3714 tamen
1099 3651 1142 3714 de
1167 3651 1219 3714 his
1239 3654 1404 3716 tacuisset

202 3772 296 3837 Otho
316 3781 350 3834 et
370 3780 506 3854 sagatos
526 3770 774 3853 paludatosque
795 3780 1096 3834 commemorasset
1117 3771 1217 3847 solos,
1240 3773 1297 3853 qui
1312 3792 1405 3835 novo

203 3893 398 3975 imperatori
435 3891 594 3953 victimae
635 3891 847 3954 cecidissent.
889 3891 1030 3955 Ceteros
1064 3890 1154 3953 haud
1192 3911 1405 3974 magnopere

203 4012 408 4095 praetoriani
433 4019 529 4073 erant
555 4011 711 4072 curaturi.
742 4011 834 4092 Ergo
859 4019 895 4072 ut
920 4009 1014 4074 Otho
1039 4011 1130 4073 dicat
1154 4011 1282 4093 aliquid
1308 4014 1404 4094 quod

202 4141 291 4194 terse
313 4131 526 4194 enuntiatum
547 4129 600 4203 sit,
622 4129 714 4210 quod
736 4130 916 4192 averitate
938 4150 1006 4193 non
1027 4130 1127 4192 nimis
1146 4131 1295 4207 recedat,
1309 4134 1403 4214 quod

243 4387 268 4452 1)
287 4389 318 4434 ln
338 4386 428 4435 codice
448 4392 501 4434 est:
524 4399 607 4448 „quae
628 4400 739 4450 usquam
759 4385 895 4450 provincia
914 4399 981 4450 quae
1000 4383 1137 4433 incastris
1156 4382 1243 4433 sunt.”
