3292 5280
773 347 810 409 18

193 528 369 593 Claudium
390 527 433 589 de
455 547 547 589 more
567 527 694 590 ebrium
699 528 835 609 sactum
848 547 923 588 esse.
937 524 1100 606 Alioquin
1115 525 1385 590 exclamassent:

193 667 266 728 ,en,
290 647 372 729 quid
396 645 591 727 imperatori
615 643 771 709 evenitl”
796 644 988 727 Agrippina
1012 653 1126 707 autem
1151 646 1388 727 ministerque,

190 786 267 828 cum
288 764 334 827 nil
354 764 422 828 tale
442 763 625 827 exclamari
645 765 810 838 audirent,
832 761 953 826 frustra
973 761 1073 826 fuisse
1093 763 1269 826 consilium
1286 784 1386 827 suum

190 884 368 966 putabant,
387 903 464 946 cum
485 883 683 965 praesertim
702 884 824 946 eodem
844 891 998 964 tempore
1019 881 1161 945 Claudio
1173 883 1284 945 soluta
1295 893 1387 946 esset

189 1002 294 1077 alvus,
315 1003 364 1064 ita
384 1011 420 1064 ut
440 1001 625 1064 admodum
645 1010 733 1065 esset
753 1001 932 1065 verisimile
953 1021 1086 1064 veneno
1101 1022 1178 1064 eum
1191 1002 1386 1066 liberatum.

189 1120 287 1184 'Iunc
312 1121 354 1182 ad
379 1120 535 1202 rapidum
560 1119 759 1202 confugiunt
784 1140 966 1182 venenum.

237 1241 423 1303 Videamus
444 1260 533 1303 nunc
554 1260 641 1321 quae
662 1240 705 1302 de
725 1259 858 1302 veneno
879 1247 1056 1302 narrentur
1075 1241 1167 1321 quod
1189 1240 1387 1303 Britannico

192 1359 310 1422 datum
335 1358 377 1419 sit
401 1357 441 1420 L.
467 1357 564 1421 XIII.
588 1378 616 1421 c.
647 1371 703 1438 15:

237 1476 329 1539 Nero
356 1475 438 1539 lenti
463 1475 597 1539 sceleris
621 1477 802 1558 impatiens
826 1476 972 1538 minitari
997 1476 1144 1551 tribune,
1169 1476 1285 1539 iubere
1309 1496 1389 1558 sup·

194 1596 331 1678 plicium
352 1596 534 1670 veneficae,
555 1597 658 1678 quod,
680 1596 761 1658 dum
782 1615 950 1658 rumorem
963 1596 1157 1678 respiciunt,
1171 1596 1253 1659 dum
1266 1605 1389 1678 parant

195 1713 418 1790 defensiones,
439 1716 655 1777 securitatem
677 1724 897 1778 morarentur.
920 1715 1199 1778 Promittentibus
1219 1716 1298 1778 dein
1318 1724 1390 1777 tam

202 1833 422 1916 praecipitem
446 1854 575 1908 necem,
600 1835 752 1915 quamsi
776 1833 864 1895 ferro
888 1841 1071 1914 urgeretur,
1095 1833 1287 1896 cubiculum
1308 1833 1391 1896 Cae-

200 1952 283 2015 saris
314 1953 408 2015 iuxta
431 1953 632 2034 decoquitur
655 1953 745 2015 virus
769 1951 914 2033 cognitis
937 1961 1038 2014 antea
1062 1953 1200 2014 venenis
1223 1953 1389 2034 rapidum.

246 2071 416 2135 Undecim
450 2080 528 2134 sunt
563 2071 641 2133 anni
677 2090 721 2133 ex
747 2090 816 2150 quo
840 2071 994 2152 rapidius
1017 2069 1198 2153 legendum
1222 2091 1294 2133 esse
1319 2071 1390 2133 dixi

200 2188 340 2269 (Mnem.
365 2188 409 2251 A.
438 2191 521 2271 1894
545 2210 578 2271 p.
604 2188 690 2269 358),
715 2208 825 2269 neque
850 2208 938 2250 nunc
962 2208 1016 2251 me
1037 2189 1284 2253 emendationis
1304 2188 1391 2251 illius

201 2309 365 2390 poenitet.
390 2306 480 2389 Quid
505 2307 615 2371 enim?
640 2308 931 2371 Permiscenturne
952 2309 1040 2370 inter
1059 2328 1095 2372 se
1115 2309 1220 2373 multa
1240 2307 1391 2372 venena?

200 2427 251 2490 At
281 2429 308 2489 si
340 2428 432 2509 quod
464 2427 596 2491 illorum
628 2429 879 2511 rapidissimum
912 2436 961 2490 est
994 2449 1121 2492 merum
1150 2430 1258 2504 datur,
1283 2429 1390 2491 multo

199 2547 280 2611 illud
313 2549 376 2611 erit
407 2548 585 2609 efficacius.
617 2546 674 2609 An
707 2547 851 2610 chimica
881 2548 986 2610 utitur
1016 2549 1146 2610 ratione
1178 2547 1328 2611 Locusta
1356 2557 1391 2610 et

200 2680 387 2732 extractum
412 2666 585 2748 quoddam
610 2665 710 2729 facit?
733 2667 782 2729 At
808 2668 872 2730 hoc
898 2687 1034 2749 quoque
1058 2687 1101 2729 ex
1121 2689 1184 2731 uno
1203 2687 1336 2730 veneno
1356 2677 1392 2730 et

203 2787 321 2850 melius
341 2796 375 2848 et
395 2785 523 2849 facilius
543 2786 613 2848 fieri
634 2795 778 2868 poterat.
802 2787 899 2849 Nunc
920 2807 1001 2848 vero
1021 2788 1151 2869 cognita
1163 2797 1258 2850 antea
1270 2809 1392 2852 venena

201 2905 352 2979 adhibet,
377 2904 442 2967 hoc
462 2913 523 2979 est,
545 2905 606 2967 nisi
634 2906 745 2968 verbis
771 2906 840 2967 vim
861 2905 970 2967 facere
990 2904 1155 2981 volumus,
1175 2908 1285 2970 omnia
1305 2928 1392 2989 quae

199 3022 363 3086 hactenus
394 3023 621 3085 innotuerant.
653 3021 754 3104 Quod
784 3023 865 3085 mihi
890 3023 1027 3105 quidem
1053 3024 1151 3087 nimis
1176 3026 1310 3089 videtur
1333 3027 1392 3089 ab·

199 3144 347 3205 surdum.
370 3142 461 3224 Ergo
482 3161 655 3224 nunquam
674 3141 738 3204 hoc
759 3142 841 3204 mihi
861 3142 1022 3223 eripietur
1042 3141 1123 3205 illud
1144 3145 1283 3226 coguitis
1294 3157 1391 3208 antea

197 3262 327 3325 venenis
349 3281 445 3323 suum
470 3260 533 3323 sibi
561 3259 712 3342 flagitare
731 3261 993 3342 comparativum
1013 3261 1102 3324 unde
1122 3263 1281 3343 pendeat.
1301 3263 1391 3326 Nolo

198 3388 314 3442 tamen
336 3381 433 3442 nimis
454 3380 672 3461 pertinaciter
692 3399 753 3462 pro
775 3399 850 3441 mea
870 3399 1020 3461 pugnare
1041 3381 1290 3456 emendatione,
1312 3383 1391 3463 quia

198 3499 301 3560 etiam
326 3497 427 3561 lectio
451 3500 577 3561 tradita
601 3497 796 3580 exemplum
821 3498 901 3560 mihi
927 3498 1068 3579 praebet
1092 3499 1149 3575 rei,
1175 3521 1276 3581 quam
1301 3522 1391 3565 nunc

197 3617 404 3690 demonstro
427 3636 494 3678 non
513 3616 622 3679 minus
634 3616 805 3679 idoneum.
820 3616 1043 3680 Doctissimus
1056 3618 1146 3679 enim
1160 3618 1391 3695 AndresenuS,

198 3738 292 3800 cuius
322 3737 436 3798 studia
466 3735 607 3799 Tacitea
638 3736 708 3799 iure
740 3735 854 3816 magni
885 3734 1026 3798 iacimus
1057 3755 1174 3798 omnes
1191 3733 1222 3818 ¹),
1247 3736 1312 3799 hoc
1337 3757 1391 3800 me

237 3916 261 3981 ι)
280 3917 363 3981 Igitur
381 3916 460 3965 miror
478 3917 600 3980 equidem
620 3932 673 3966 non
693 3917 818 3966 ambabus
838 3931 896 3964 eum
914 3915 1034 3963 manibus
1053 3915 1191 3978 arripuisse
1206 3915 1269 3964 felix
1285 3916 1393 3965 Woelff-

196 4002 256 4051 linii
276 4002 411 4051 inventum
427 4000 464 4066 (v.
481 4001 667 4051 Wochenschr.
684 4002 702 4051 f.
719 4002 797 4051 klass.
815 4001 881 4050 Phil.
898 4003 930 4049 A.
951 4012 1016 4063 1902
1035 4016 1061 4063 p.
1077 4011 1126 4062 431
1146 4000 1230 4066 sqq.);
1245 4017 1299 4050 non
1314 4001 1393 4050 miror

195 4088 359 4138 intellexisse
375 4087 458 4135 virum
475 4087 653 4152 perspicacem
668 4104 747 4152 quam
763 4087 865 4136 molesti
875 4093 963 4135 essent
972 4088 1093 4143 natural
1099 4085 1139 4134 illi
1149 4085 1304 4150 Plutarchei,
1313 4102 1392 4150 quam

196 4176 288 4225 invicti
303 4174 368 4224 arcis
386 4173 595 4223 Woelfflinianae
612 4182 828 4240 propugnatores.
845 4175 886 4222 De
897 4173 1050 4222 Plutarcbeo
1060 4173 1096 4232 alc
1105 4174 1198 4235 Ῥώμην
1207 4175 1234 4222 in
1245 4173 1393 4222 narratione

197 4262 229 4312 de
254 4260 471 4311 tumultuantibus
497 4260 669 4325 praetorianis
692 4261 729 4325 (v.
749 4278 775 4325 p.
797 4272 810 4324 7
831 4260 903 4325 sqq.)
919 4275 965 4309 cur
979 4259 1060 4309 altum
1076 4259 1110 4309 sit
1125 4260 1152 4309 in
1168 4260 1316 4310 Audreseni
1333 4274 1393 4308 cen·

195 4364 254 4398 sura
272 4347 407 4396 silentium
426 4345 493 4396 scire
513 4346 647 4410 pervelim.
