3292 5280
766 382 826 444 128

245 563 311 642 ,ibi
334 562 471 625 demum
496 563 671 644 cognoscit
694 562 862 625 sollertius
885 561 1140 642 interrogatum,
1164 561 1322 642 quisnam
1341 559 1383 622 fo·

197 690 258 756 ret,
283 683 408 745 dixisse
433 681 480 743 M.
506 680 621 745 Silano
646 682 798 764 genitum
823 690 856 744 et
881 680 996 743 multis
1019 687 1229 743 sectatorum
1253 678 1382 761 dilapsis

196 802 388 863 ascendisse
412 820 545 875 navem,
571 810 744 882 tamquam
770 799 902 862 ltaliam
926 783 1092 882 peteret”.

242 919 335 1001 Quis,
368 941 504 1003 quaeso,
537 920 705 983 sollertius
735 921 957 1003 impostorem
981 916 1227 1000 interrogavit?
1251 916 1380 1000 Opinor,

199 1041 413 1121 magistratus
433 1040 563 1122 aliquis,
585 1039 627 1102 ad
646 1059 748 1120 quem
768 1037 823 1101 ille
845 1039 1030 1120 prehensus
1044 1046 1080 1100 et
1092 1045 1255 1100 oneratus
1267 1035 1382 1098 catenis

199 1168 287 1222 esset
310 1161 488 1222 adductus.
513 1158 579 1240 Qui
604 1179 685 1241 ergo
709 1158 912 1242 supplicium
933 1155 1070 1240 effugit?
1090 1156 1177 1220 Illud
1200 1177 1282 1220 vero
1302 1155 1379 1238 quod

199 1279 290 1341 hisce
314 1280 468 1361 adiungit
492 1279 646 1342 Tacitus:

247 1398 476 1480 ,Scripsitque
512 1398 596 1461 haec
630 1398 781 1473 Tiberio,
814 1418 925 1481 neque
957 1418 1018 1461 nos
1048 1396 1216 1478 originem
1248 1394 1379 1458 finemve

199 1519 270 1581 eius
294 1519 341 1580 rei
365 1517 452 1579 ultra
475 1516 724 1599 comperimus”

244 1637 345 1699 risum
367 1644 492 1711 movet,
512 1637 545 1699 in
568 1645 786 1718 mentemque
802 1645 940 1701 revocat
956 1636 1064 1711 nobis,
1081 1656 1170 1718 quae
1186 1636 1379 1719 lepidissime

199 1755 318 1821 Cicero
341 1756 416 1838 (pro
440 1755 555 1819 Caelio
579 1757 664 1838 θός)
689 1757 819 1820 iocatus
842 1765 894 1820 est
913 1757 956 1820 de
976 1757 1080 1819 mimo
1100 1757 1135 1819 in
1156 1776 1227 1838 quo
1246 1754 1380 1819 clausula

200 1896 267 1938 non
291 1876 471 1938 invenitur.
494 1875 632 1938 Naeuiis
652 1896 789 1958 quoque
808 1896 989 1958 puerorum
1010 1884 1112 1959 aptae
1131 1885 1212 1939 sunt
1232 1875 1383 1939 obscurae

200 1996 364 2058 eiusmodi
387 1997 548 2078 exituque
569 2005 723 2059 carentes
743 1995 1022 2071 narratiunculae,
1043 2016 1111 2059 non
1132 1997 1227 2078 gravi
1245 1995 1384 2059 historia·

202 2136 274 2177 rum
299 2115 396 2178 libro.

247 2234 290 2297 A.
316 2234 377 2309 VI,
403 2250 432 2296 2.
462 2235 584 2297 Punito
608 2235 675 2297 iam
701 2234 824 2299 Seiano
849 2235 1035 2319 punitaque
1059 2255 1166 2298 uxore
1191 2235 1264 2298 eius
1287 2235 1386 2307 Livia,

201 2364 315 2416 tamen
346 2362 529 2429 senatores,
561 2362 597 2416 ut
629 2354 755 2417 Tiberii
779 2355 903 2418 inirent
926 2356 1081 2437 gratiam,
1106 2363 1241 2418 atroces
1265 2355 1299 2417 in
1322 2354 1389 2416 illos

201 2474 419 2556 proferebant
442 2475 645 2536 sententias:

249 2592 466 2675 „Scipiones”
497 2594 543 2655 ait
575 2592 713 2655 Tacitus
750 2601 803 2673 „et
834 2591 938 2656 Silani
968 2601 1003 2656 et
1027 2591 1133 2656 Cassii
1157 2593 1266 2656 isdem
1291 2593 1389 2656 ferme

199 2721 258 2775 aut
282 2713 418 2794 paulum
444 2713 630 2774 immutatis
655 2713 766 2775 verbis
790 2713 1048 2776 adseveratione
1071 2712 1178 2776 multa
1198 2714 1390 2787 censebant,

201 2852 279 2894 curn
301 2840 441 2914 repente
461 2830 635 2913 Togonius
656 2830 780 2905 Gallus,
798 2832 879 2893 dum
892 2832 1141 2913 ignobilitatem
1155 2854 1250 2896 suam
1266 2834 1392 2916 magnis

203 2952 396 3014 nominibus
426 2952 552 3024 inserit,
585 2971 645 3033 per
676 2949 898 3013 deridiculum
922 2950 1067 3014 auditur.
1092 2951 1182 3015 Nam
1208 2954 1393 3037 principem

203 3071 322 3133 orabat
347 3069 495 3150 deligere
519 3077 702 3144 senatores
728 3090 771 3131 ex
795 3070 870 3151 quis
889 3070 1008 3152 viginti
1029 3078 1118 3133 sorte
1140 3072 1234 3134 ducti
1255 3081 1290 3135 et
1311 3073 1395 3135 ferro

203 3191 355 3263 accincti,
388 3191 546 3271 quotiens
573 3190 699 3252 curiam
729 3190 855 3264 inisset,
879 3189 1021 3253 salutem
1044 3192 1116 3253 eius
1140 3191 1395 3255 defenderent’'.

249 3309 338 3391 Quid
374 3310 438 3373 sibi
475 3308 545 3372 vult
581 3311 645 3372 ista
679 3309 871 3392 oppositio?
904 3311 1096 3392 Indignum,
1128 3312 1295 3394 profecto,
1327 3321 1396 3376 erat

201 3431 432 3512 spectaculum
472 3430 626 3492 homines
660 3449 793 3491 summo
829 3429 905 3491 loco
940 3438 1039 3493 natos
1072 3439 1143 3493 tam
1178 3432 1315 3495 abiecta
1349 3432 1394 3494 uti

201 3551 412 3625 adulatione;
438 3557 472 3612 at
496 3549 523 3611 si
547 3550 650 3611 homo
675 3548 832 3629 ignobilis
856 3549 947 3611 idem
972 3549 1061 3624 facit,
1087 3549 1263 3633 aliquanto
1289 3554 1393 3616 minus

202 3671 377 3752 indignum
410 3669 448 3731 fit
476 3668 577 3731 idem.
603 3668 678 3730 Hoc
704 3675 818 3730 tamen
845 3668 954 3731 minus
978 3670 1080 3732 etiam
1105 3690 1123 3732 e
1149 3670 1260 3733 Taciti
1285 3672 1392 3735 verbis

202 3799 345 3872 apparet
369 3788 450 3870 quid
475 3787 605 3850 ridiculi
631 3787 787 3849 habuerit
811 3786 956 3869 Togonii
981 3790 1161 3852 sententia.
1189 3790 1311 3854 Melius
1334 3810 1392 3854 nos

204 3910 270 3971 Dio
302 3907 435 3970 Cassius
459 3908 524 3988 (58,
555 3907 603 3989 17)
628 3907 750 3968 edocet
775 3906 1006 3969 observando:
1035 3907 1100 3988 „sic
1125 3909 1336 3973 efficiebatur
1358 3918 1391 3972 ut

202 4030 364 4092 adversus
384 4029 490 4110 ipsum
510 4038 658 4089 senatum
680 4034 771 4088 tutus
792 4034 880 4088 esset
901 4026 1088 4090 Tiberius”.
1107 4029 1152 4091 Et
1169 4050 1298 4106 revera,
1310 4031 1391 4093 sicut

204 4149 270 4211 Dio
294 4147 427 4210 Cassius
451 4154 558 4208 totam
584 4146 670 4207 hanc
696 4165 766 4206 rem
791 4146 905 4220 tradit,
926 4147 958 4209 in
980 4167 1020 4210 ea
1040 4149 1121 4211 satis
1141 4149 1229 4212 inest
1250 4149 1390 4213 ridiculi:

203 4269 230 4330 is
250 4268 340 4330 enim
362 4287 479 4329 revera
498 4265 539 4328 ab
558 4267 627 4348 ipso
646 4276 760 4327 senatu
780 4265 945 4328 decretum
965 4287 1037 4329 esse
1054 4277 1168 4331 narrat
1181 4277 1219 4332 ut
1231 4268 1390 4333 eiusmodi

203 4388 407 4470 praesidium
439 4385 577 4447 Tiberio
610 4384 837 4466 praeberetur.
872 4384 958 4460 Hoc,
991 4396 1027 4449 ut
1058 4387 1192 4470 opinor,
1221 4388 1390 4451 ridiculum
