3292 5280
798 402 858 466 ¹99

225 563 258 625 si
288 563 372 625 mali
394 565 524 646 forent.
562 563 606 625 Et
631 584 717 646 quae
743 567 828 627 ratio
853 567 1040 629 intercedat
1065 568 1151 629 inter
1176 567 1280 628 verba
1304 570 1420 631 matri·

227 685 329 746 monii
357 684 411 746 sni
440 684 583 766 ignarus
614 694 648 746 et
679 687 793 748 mania
824 686 971 749 censoria
1002 697 1169 768 usurpans
1200 706 1335 768 prorsus
1367 708 1420 749 me

226 802 319 865 latet.
357 802 461 864 Nihili
498 804 588 865 enim
623 815 673 866 est
709 805 801 886 quod
835 805 895 894 viri
927 806 1019 868 docti
1052 806 1235 867 commenti
1267 815 1345 868 sunt
1378 808 1420 869 de

225 922 329 986 sortis
360 923 504 1003 quadam
536 923 656 997 ironia,
689 925 780 1005 quod
807 925 954 986 censoris
979 944 1117 987 munere
1143 924 1300 1006 iungatur
1325 925 1420 988 Clau·

227 1043 312 1117 dius,
348 1043 420 1124 ipse
456 1044 591 1124 ignarus
626 1043 761 1126 qualem
798 1043 921 1107 habeat
959 1065 1115 1119 uxorem;
1153 1044 1186 1106 id
1224 1047 1315 1126 quod
1348 1055 1420 1108 tum

225 1163 363 1225 demum
395 1162 428 1223 in
460 1161 549 1225 hunc
582 1162 694 1226 locum
718 1164 927 1237 conveniret,
952 1165 978 1225 si
1003 1164 1046 1226 de
1072 1162 1214 1227 Claudio
1239 1164 1284 1225 ibi
1310 1185 1420 1228 narra·

224 1290 315 1344 retur
340 1281 491 1343 censoria
511 1282 677 1362 gravitate
698 1283 903 1344 matrimonii
923 1283 1182 1345 sanctimoniam
1203 1281 1420 1346 defendente.

227 1400 276 1463 At
299 1400 496 1464 theatralem
521 1402 565 1464 ab
589 1422 630 1464 eo
655 1411 845 1484 correptam
870 1403 1033 1466 licentiam
1058 1402 1210 1484 legimus.
1246 1403 1318 1464 Iam
1343 1424 1419 1466 cum

227 1522 436 1584 matrimonii
465 1521 604 1584 alicuius
635 1523 793 1605 ignarum
825 1523 924 1585 luisse
958 1522 1135 1587 Claudium
1167 1523 1319 1605 legimus,
1354 1544 1420 1586 non

229 1661 408 1722 possumus
440 1662 508 1704 non
539 1643 690 1723 cogitare
722 1644 765 1705 de
797 1642 861 1705 illis
892 1642 963 1706 Silii
988 1643 1258 1725 Messalinaeque
1284 1645 1420 1726 nuptiis,

227 1782 312 1844 quas
343 1782 411 1824 non
444 1784 504 1845 per
535 1762 637 1825 risum
669 1764 849 1844 iocumque
881 1762 977 1824 fictas
1000 1762 1060 1825 sed
1086 1783 1182 1825 veras
1205 1764 1419 1845 sincerasque

227 1882 327 1946 fuisse
370 1883 509 1946 Tacitus
549 1884 621 1966 ipse
657 1885 801 1946 credidit
836 1893 870 1946 et
906 1883 1096 1965 legentibus
1132 1885 1334 1966 persuadere
1370 1894 1420 1947 est

226 2013 377 2066 conatus.
403 2003 471 2066 Res
496 2004 594 2066 nobis
618 2003 672 2066 hic
697 2014 747 2066 est
772 2024 848 2066 curn
870 2005 1102 2079 annotatione,
1122 2024 1230 2085 eaque
1251 2012 1421 2086 corrupta:

224 2125 258 2186 in
284 2125 434 2206 margine
458 2126 548 2186 enirn
573 2124 616 2186 ad
642 2143 761 2186 vocem
782 2125 924 2207 ignarus
944 2123 1182 2206 explicandam
1204 2123 1283 2186 olim
1305 2125 1420 2207 appic-

228 2254 301 2306 tum
335 2243 398 2307 suit
429 2245 637 2307 matrimonii
666 2243 752 2318 Silii,
785 2245 887 2325 idque
918 2244 965 2306 ita
997 2245 1030 2306 in
1063 2253 1195 2311 textum
1220 2244 1419 2308 translatum

226 2372 277 2425 est
310 2372 346 2424 ut
378 2383 396 2424 e
429 2361 508 2425 Silii
538 2373 731 2425 nasceretur
760 2364 823 2426 sui.
860 2363 1071 2425 Praeclarum
1104 2363 1180 2425 huic
1204 2364 1419 2426 coniecturae

227 2482 414 2546 subsidium
447 2482 588 2564 praebet
622 2481 815 2545 ultimorum
847 2484 968 2565 capitis
1001 2483 1066 2544 XII
1101 2483 1281 2545 verborum
1306 2482 1417 2558 lectio,

226 2622 327 2684 quarn
350 2603 461 2666 codex
481 2596 631 2665 exhibet.
658 2603 708 2664 lbi
730 2623 818 2665 nunc
840 2612 930 2665 recte
952 2623 970 2663 e
992 2601 1166 2664 Puteolani
1180 2604 1419 2665 emendatione

225 2723 354 2785 editur:
391 2730 593 2804 „postremo
626 2721 717 2784 velut
750 2721 912 2784 translata
936 2724 1002 2784 iam
1027 2721 1171 2797 fortuna,
1196 2724 1283 2784 servi
1307 2722 1419 2785 liberti

225 2850 362 2925 paratus
383 2842 544 2924 principis
564 2842 653 2924 apud
675 2842 865 2905 adulterum
886 2841 1113 2916 visebantur''‚
1135 2843 1168 2904 in
1189 2843 1307 2904 codice
1329 2862 1419 2905 esse:

229 2964 391 3042 „alterum
423 2982 524 3044 supra
555 2963 681 3044 scripto
706 2960 841 3046 filium”
874 2962 1102 3044 Nipperdeius
1134 2962 1245 3035 resert,
1277 2962 1336 3024 sed
1362 2972 1419 3024 aut

227 3082 416 3165 Nipperdei
444 3101 536 3144 error
561 3081 614 3143 hic
638 3081 905 3162 deprehenditur
922 3079 953 3162 ¹),
978 3091 1036 3143 aut
1061 3080 1215 3143 librarius
1239 3082 1271 3143 in
1297 3083 1419 3144 descri-

226 3202 339 3264 benda
362 3202 584 3264 annotatione
608 3199 682 3262 leve
707 3200 876 3262 commisit
901 3201 1037 3262 vitium:
1062 3202 1105 3263 ad
1129 3201 1273 3290 alterum
1299 3202 1351 3264 vel
1375 3203 1418 3264 ad

226 3322 416 3385 adulterum
452 3321 541 3401 (narn
574 3320 639 3382 hoc
670 3320 808 3400 quidem
843 3321 961 3382 vitium
992 3323 1130 3401 quando
1163 3331 1278 3383 natum
1311 3322 1353 3383 sit
1386 3323 1418 3383 in

225 3441 376 3504 tenebris
406 3439 501 3520 latet)
532 3439 711 3520 adscripsit
742 3439 863 3520 aliquis
895 3438 1025 3510 Silium,
1058 3449 1161 3521 atque
1194 3441 1285 3502 idem
1318 3440 1419 3522 paulo

228 3571 305 3644 post
340 3560 547 3624 adiectivum
582 3561 725 3642 ignarus
759 3559 870 3621 verbis
906 3561 1113 3623 matrimonii
1148 3559 1226 3622 Silii
1255 3559 1419 3622 illustrare

227 3691 369 3744 conatus
400 3691 461 3744 est.
505 3679 678 3743 Adiectivi
710 3680 853 3762 ignarus
886 3679 1082 3758 „absolute”
1114 3680 1214 3761 positi
1246 3680 1418 3760 egregium

226 3800 390 3864 habemus
413 3799 607 3881 exemplum
633 3799 677 3861 A.
703 3799 726 3872 l,
752 3799 789 3860 6:
818 3800 981 3880 „primum
1004 3798 1132 3863 lacinus
1153 3800 1231 3862 novi
1253 3800 1419 3882 principa-

226 3930 281 3983 tus
300 3920 361 3983 tuit
379 3920 529 3983 Postumi
549 3918 725 4000 Agrippae
743 3920 882 3993 caedes;
902 3938 1004 3999 quem
1019 3920 1170 3999 ignarum
1185 3920 1418 4000 inermumque

226 4042 381 4123 quamvis
405 4040 555 4103 firmatus
579 4039 694 4101 animo
719 4039 871 4101 centurio
895 4059 995 4118 aegre
1021 4037 1201 4100 coniecit.''

225 4209 420 4218 -----

266 4316 292 4382 r)
312 4317 433 4380 inspecta
452 4315 550 4364 codicis
568 4315 682 4378 imagine
702 4313 872 4378 phorotypica
892 4316 1012 4378 apparuit
1031 4314 1093 4362 mihi
1110 4330 1197 4362 revera
1213 4330 1291 4378 supra
1306 4315 1419 4362 altman

227 4404 352 4468 scriptum
372 4418 428 4452 esse
447 4401 548 4466 aliquid
567 4401 636 4450 unde
656 4401 738 4450 multo
758 4401 844 4464 potius
864 4403 959 4449 Silium
978 4402 1073 4450 cilicias
1092 4418 1169 4464 quarn
1182 4403 1282 4467 filium.
