3210 5274
1018 401 1080 463 ¹44

447 560 570 624 culum.
603 562 737 626 Deinde
766 563 1022 645 cupidissimum
1046 584 1082 626 se
1106 564 1268 626 adversus
1292 563 1471 625 Tiberium
1497 562 1599 644 praeb

448 682 505 761 qui
539 701 582 743 ex
613 684 751 764 egregio
783 682 911 745 Tiberii
942 703 1106 765 responso
1137 684 1368 766 suspicionem
1394 690 1493 766 petat
1516 682 1598 744 simu

447 802 549 864 tionis
580 810 651 865 tarn
683 802 834 884 perfidae
866 812 937 866 tam
960 804 1213 867 abominandae
1238 811 1274 866 ut
1299 805 1358 866 vix
1382 805 1417 865 in
1442 823 1601 885 quemqu

449 921 642 984 mortalium
667 923 851 986 convenire
871 924 1038 987 videatur.
1061 923 1130 986 Ain
1151 928 1251 986 vero!
1272 921 1389 985 Sicine
1411 923 1600 1005 responden

448 1050 552 1121 atque
584 1042 631 1103 sic
663 1042 861 1123 repellendo
893 1062 945 1117 eo,
978 1043 1036 1124 qui
1062 1062 1150 1105 nova
1174 1041 1378 1105 crudelitate
1404 1039 1604 1104 commacul

449 1159 694 1242 rempublicam
727 1161 855 1242 primus
887 1171 938 1224 est
970 1170 1123 1237 conatus
1149 1161 1214 1223 hoc
1239 1162 1411 1242 spectavit
1436 1160 1591 1223 Tiberius

449 1279 492 1341 ad
517 1280 625 1361 ipsam
646 1260 737 1342 illam
757 1279 989 1343 calamitatem
1010 1281 1100 1342 viam
1121 1278 1289 1342 muniret?
1311 1279 1364 1342 Ne
1387 1280 1432 1341 de
1454 1280 1603 1342 Domitia

450 1399 589 1478 quidem
613 1399 640 1460 si
665 1400 740 1480 quis
763 1399 845 1462 talia
868 1400 1029 1474 traderet,
1056 1398 1160 1462 fidem
1185 1400 1214 1461 ei
1241 1398 1456 1461 haberemus.
1484 1399 1561 1461 Hoc
1583 1418 1598 1459 c

450 1525 522 1579 tum
544 1527 595 1580 est
616 1518 803 1581 Domitiani
825 1528 1000 1599 „naturam
1020 1516 1221 1581 obscuram''
1242 1517 1339 1599 (Agr.
1358 1519 1416 1599 42)
1435 1517 1590 1580 Tacitoa

450 1638 567 1699 oculos
591 1638 808 1700 obversatam
833 1658 916 1713 esse,
941 1657 1019 1701 curn
1039 1638 1082 1701 de
1103 1637 1242 1700 Tiberio
1262 1644 1334 1698 tarn
1354 1636 1570 1699 incredibilia
1587 1655 1600 1696 s

452 1756 596 1839 fingeret
610 1756 642 1840 ¹).

497 1876 588 1939 Ann.
610 1878 636 1939 Ι.
659 1877 711 1959 76.
737 1876 891 1956 „Eodem
911 1896 1002 1939 anno
1022 1875 1192 1939 continuis
1210 1875 1376 1938 imbribus
1388 1884 1512 1939 auctus
1524 1875 1604 1937 Tibe

453 1995 555 2077 plana
585 1995 677 2058 urbis
709 2003 927 2076 stagnaverat
936 2021 944 2070 ;
969 1994 1180 2057 relabentem
1203 2003 1320 2058 secuta
1345 2003 1397 2057 est
1422 1994 1594 2057 aedificior

453 2124 487 2177 et
519 2114 695 2177 hominum
727 2124 867 2196 strages.
900 2114 1006 2195 Igitur
1037 2115 1170 2178 censuit
1203 2114 1341 2177 Asinius
1366 2113 1496 2188 Gallus,
1522 2122 1559 2175 ut
1580 2112 1599 2173 li

455 2233 612 2316 Sibyllini
633 2234 817 2296 adirentur.
839 2233 990 2296 Rennuit
1011 2232 1167 2296 Tiberius
1182 2281 1211 2296 ..
1226 2235 1329 2296 ..sed
1352 2234 1545 2296 remedium
1565 2251 1602 2294 co

455 2355 554 2417 cendi
580 2353 727 2416 fluminis
750 2353 856 2416 Ateio
881 2351 1039 2435 Capitoni
1065 2361 1100 2415 et
1125 2354 1164 2416 L.
1188 2353 1354 2416 Arruntio
1376 2350 1599 2416 mandatum!

499 2472 607 2535 Vides
639 2473 721 2554 quid
747 2472 879 2535 intersit
903 2472 991 2534 inter
1015 2472 1190 2535 hominem
1215 2472 1370 2554 ineptum
1394 2470 1596 2551 fatuumque

455 2593 755 2674 prudentissimum
788 2590 981 2654 mortalium
1013 2591 1266 2673 imperatorem.
1291 2589 1424 2672 Quodsi
1449 2599 1484 2654 et
1509 2590 1581 2672 ipse

459 2714 631 2795 spiciones
665 2732 803 2775 movere
839 2710 972 2786 vellem,
1005 2731 1130 2792 easque
1166 2711 1304 2773 minime
1335 2710 1380 2772 de
1412 2708 1521 2773 nihilo
1552 2709 1605 2771 fic

457 2832 624 2895 coniicere
649 2851 784 2915 possem
810 2851 878 2894 non
902 2840 973 2893 tam
996 2830 1101 2893 stulta
1125 2829 1323 2893 infirmitate
1347 2839 1480 2894 motum
1506 2829 1588 2893 illud

457 2951 550 3013 libris
582 2950 756 3032 Sibyllinis
783 2951 953 3014 censuisse
977 2948 1123 3024 Gallum,
1147 2949 1207 3012 sed
1232 2958 1428 3031 sperantem
1454 2948 1528 3012 lore
1552 2958 1589 3011 ut

457 3070 626 3152 legeretur
645 3069 784 3150 aliquid,
806 3070 898 3152 quod
918 3088 1029 3131 rerum
1043 3069 1268 3132 mutationem
1281 3078 1385 3152 atque
1397 3069 1462 3151 ipsi
1476 3068 1599 3151 imperi

502 3282 623 3346 1)Hanc
651 3279 751 3329 Tiberii
778 3295 837 3328 cum
865 3278 1017 3327 Domitiano
1044 3277 1226 3329 confusionem
1254 3295 1308 3329 non
1335 3288 1566 3330 commemoratam
1593 3280 1602 3329 i

458 3384 548 3417 causas
573 3383 618 3415 cur
637 3375 689 3415 tam
709 3380 829 3430 perverse
848 3365 881 3413 de
900 3363 1008 3413 Tiberio
1026 3364 1181 3414 iudicaverit
1199 3366 1306 3415 Tacitus
1324 3382 1339 3415 a
1357 3366 1461 3416 Stahrio
1480 3367 1509 3415 in
1530 3383 1571 3431 pr
1599 3390 1605 3407 ·

457 3454 504 3503 illa
530 3454 627 3503 Tiberii
646 3451 801 3501 defensione
819 3467 898 3515 saepe
917 3450 1024 3500 miratus
1043 3466 1107 3500 sum.
1127 3451 1178 3501 Sed
1197 3452 1408 3502 commemoravit
1427 3468 1485 3502 eam
1504 3454 1553 3518 qui
1572 3468 1599 3501 m

458 3548 518 3605 post
535 3539 664 3589 Stahrium
680 3537 756 3586 annis
772 3537 841 3586 idem
858 3536 977 3586 tractavit
993 3544 1189 3601 argumentum:
1202 3539 1366 3589 Tarverusin
1375 3539 1445 3589 libro
1455 3556 1478 3589 c.
1490 3546 1509 3589 t.
1522 3540 1605 3604 ,Tb

457 3628 501 3676 the
530 3626 643 3691 tyrant'',
670 3626 715 3690 qui
744 3624 820 3688 liber,
844 3624 906 3672 licet
931 3624 1004 3688 quod
1028 3624 1061 3672 ad
1087 3625 1231 3675 doctrinam
1256 3634 1283 3676 et
1307 3626 1462 3692 disputandi
1487 3627 1600 3677 subtili

457 3714 572 3777 pertinet
597 3728 655 3761 cum
681 3711 818 3760 Stahriano
842 3709 955 3758 conferri
980 3725 1147 3775 nequaquem
1172 3712 1265 3777 possit,
1288 3712 1359 3762 baud
1384 3728 1469 3778 pauca
1492 3713 1577 3764 babet
1601 3740 1604 3753 ·

457 3801 512 3849 iure
533 3800 680 3864 probemus.
700 3799 731 3846 In
751 3797 848 3862 quibus
867 3805 893 3846 et
912 3797 963 3845 hoc
982 3803 1021 3846 est
1040 3798 1112 3863 quod
1131 3814 1158 3863 p.
1174 3797 1225 3862 265
1242 3798 1321 3849 dicit:
1339 3800 1383 3863 „in
1399 3798 1462 3866 fact,
1477 3799 1524 3849 the
1540 3801 1605 3850 Tr..

458 3886 488 3935 ol
510 3886 615 3934 Tacitus
638 3899 690 3931 was
712 3891 758 3932 not
777 3883 898 3931 Tiberius
916 3890 943 3931 at
962 3882 1007 3948 all,
1025 3885 1072 3933 but
1092 3884 1254 3934 Domitian”.
1272 3886 1314 3935 En
1333 3888 1511 3951 miremur
1530 3889 1595 3938 ins'

459 3972 576 4034 mihique
595 3969 821 4017 iucundissimam!
843 3970 910 4017 Nam
929 3969 1036 4017 Tarveri
1055 3969 1123 4019 liber
1143 3971 1221 4034 paulo
1241 3972 1314 4038 prius
1327 3988 1406 4036 quam
1422 3972 1519 4023 haecce
1531 3990 1604 4024 com

460 4058 523 4105 tatio
543 4057 570 4104 in
589 4055 673 4104 lucem
694 4055 791 4119 prodiit
808 4055 843 4118 (a.
864 4051 957 4122 1902):
974 4071 1060 4119 neque
1077 4071 1138 4120 ergo
1155 4057 1200 4107 ille
1216 4074 1282 4125 earn,
1298 4075 1357 4109 eum
1371 4059 1514 4126 scribebat,
1530 4076 1600 4127 cogn

461 4144 561 4208 habuit,
586 4151 622 4208 et,
646 4143 679 4190 ad
704 4158 744 4190 me
770 4157 827 4190 cnm
854 4143 966 4205 primum
991 4142 1098 4190 Tarveri
1123 4143 1190 4194 liber
1214 4146 1402 4214 perferebatur,
1423 4164 1497 4198 meae
1517 4148 1552 4198 de
1572 4150 1603 4198 T·-

460 4228 654 4278 lucubrationes
684 4228 799 4277 nondum
825 4228 931 4291 quidem
957 4227 1031 4290 prelo
1056 4229 1197 4293 impressae
1222 4240 1305 4299 erant,
1328 4233 1376 4284 sed
1399 4234 1451 4284 iarn
1476 4235 1594 4300 aliquam

462 4318 620 4380 perscriptae
640 4315 862 4364 conservabantur
879 4313 951 4378 apud
969 4314 1159 4379 Mnemosynae
1178 4319 1340 4370 collectores.
1361 4320 1497 4371 Credibile
1515 4329 1599 4371 este·

462 4403 504 4450 die
524 4411 549 4451 et
568 4418 608 4450 me
628 4410 653 4450 et
673 4401 747 4450 illum
766 4402 830 4449 haec
850 4400 882 4449 de
902 4399 1009 4448 Tiberio
1030 4401 1236 4469 Domitianoque
1254 4406 1357 4457 chartae
1373 4408 1521 4458 mandasse.
