3210 5274
773 407 837 489 269

209 581 292 643 dum
313 581 365 644 his
384 591 441 644 aut
463 581 527 645 illis
550 585 662 646 studia
688 584 831 648 militum
855 586 1094 666 adgregantur,
1120 603 1227 666 prope
1252 585 1285 646 in
1311 605 1408 666 proe·
1483 572 1486 593 '

209 699 292 762 lium
324 721 489 776 exarsere,
521 703 553 764 ni
580 702 708 766 Valens
738 704 1032 766 animadversione
1065 722 1251 785 paucorum
1283 702 1409 766 oblitos

209 820 276 882 iarn
302 819 450 882 Batavos
474 821 606 903 imperii
631 822 896 885 admonuisset.”

254 939 393 1001 Praeter
412 939 559 1003 Batavos
579 949 614 1003 et
634 941 837 1024 legionarios
856 943 890 1004 in
912 939 1069 1005 Valentis
1088 942 1240 1003 exercitu
1254 949 1312 1003 aut
1325 940 1405 1004 nulli

209 1058 344 1122 luerunt
377 1059 501 1121 milites
529 1069 589 1122 aut
612 1062 797 1123 admodum
823 1062 921 1144 pauci
946 1062 989 1144 (ν.
1011 1082 1039 1124 c.
1067 1075 1108 1143 59
1132 1068 1167 1123 et
1190 1061 1256 1143 64).
1288 1060 1405 1142 Atque

208 1178 276 1275 hae
305 1198 394 1240 nunc
427 1180 595 1241 exercitus
628 1189 741 1262 partes
766 1201 874 1262 paene
899 1181 986 1243 inter
1009 1201 1045 1242 se
1071 1200 1189 1243 manus
1213 1187 1405 1243 conserunt.

208 1295 345 1379 Quaero
365 1299 422 1379 qui
445 1299 543 1361 nobis
564 1308 740 1381 praeterea
760 1301 814 1363 hic
836 1300 1008 1381 cogitandi
1031 1300 1098 1361 sint
1118 1300 1247 1375 milites,
1262 1320 1406 1382 quorum

211 1416 343 1495 „studia
375 1416 623 1500 aggregantur”
655 1419 854 1482 rixantibus.
892 1418 1011 1482 Nullos
1045 1419 1191 1495 invenio,
1223 1422 1283 1483 sed
1316 1420 1404 1483 istud

208 1535 352 1600 militum
373 1536 407 1599 in
428 1536 512 1600 alius
533 1537 689 1601 vocabuli
711 1538 823 1601 locum
845 1539 1016 1620 irrepsisse
1038 1557 1173 1612 censeo,
1191 1546 1273 1621 puta
1285 1539 1405 1602 ciuium

207 1655 261 1717 vel
294 1657 504 1737 municipum,
534 1632 622 1738 quae
652 1658 818 1720 vocabula
842 1667 876 1719 et
900 1658 979 1720 ideo
1004 1657 1110 1740 magis
1136 1658 1201 1720 huc
1225 1660 1405 1740 quadrant,

207 1774 369 1856 quoniam
402 1776 526 1838 milites
558 1778 671 1858 potius
703 1787 737 1839 et
762 1779 852 1860 ipsos
877 1779 910 1839 in
935 1778 1101 1840 eiusmodi
1126 1779 1312 1841 certamine
1336 1778 1405 1861 gla-

208 1894 282 1956 dios
314 1895 523 1976 destringere
556 1905 823 1959 consentaneum
855 1906 916 1972 est,
947 1906 982 1959 at
1013 1899 1125 1961 studia
1158 1898 1265 1980 magis
1296 1898 1404 1961 otiose

206 2015 414 2077 adstantium
440 2024 475 2077 et
499 2036 633 2098 pugnae
658 1990 788 2079 exitum
811 2017 1038 2098 spectantium
1063 2025 1152 2079 sunt.
1182 2000 1186 2007 ¹

253 2222 297 2284 H.
323 2222 347 2295 I,
374 2223 425 2302 83.
451 2223 687 2287 Praetorianos
711 2244 773 2306 pro
797 2225 901 2306 ipsius
924 2224 1031 2288 salute
1058 2224 1157 2286 nimis
1180 2224 1344 2287 sollicitos
1368 2233 1402 2287 et

207 2342 281 2405 aliis
304 2343 513 2423 argumentis
538 2343 649 2424 placat
674 2342 767 2407 Otho
792 2352 826 2406 et
851 2343 933 2407 hoc:

256 2462 367 2541 „Imus
390 2463 433 2524 ad
460 2462 586 2525 bellum
689 2463 747 2525 An
771 2471 806 2526 et
830 2463 896 2526 illic
922 2472 1021 2536 nocte
1045 2464 1251 2545 intempesta
1271 2463 1402 2545 rapien-

206 2588 261 2643 tur
284 2579 396 2642 arma?
422 2581 520 2644 Unus
543 2582 670 2645 alterve
696 2585 848 2665 perditus
872 2603 910 2646 ac
934 2582 1141 2645 temulentus
1165 2583 1287 2665 (neque
1312 2583 1402 2646 enim

205 2699 318 2782 plures
335 2702 610 2763 consternatione
624 2703 779 2784 proxima
792 2703 954 2765 insanisse
967 2702 1182 2784 crediderim)
1197 2704 1403 2766 centurionis

205 2840 244 2882 ac
269 2819 395 2881 tribuni
420 2822 583 2901 sanguine
609 2841 726 2883 manus
751 2822 891 2895 imbuet,
913 2822 1127 2903 imperatoris
1146 2823 1196 2884 sui
1217 2823 1401 2884 tentorium
1462 2901 1467 2917 .

205 2940 369 3022 irrumpet
380 2938 413 3001 ?”
433 2937 454 3021 ¹)

250 3059 440 3140 Imperator
472 3079 558 3121 unus
582 3067 642 3134 est,
667 3068 702 3122 et
726 3080 768 3121 ne
793 3059 905 3140 plures
928 3059 1067 3140 quidem
1092 3061 1233 3142 cogitari
1260 3069 1401 3143 possunt

205 3176 259 3240 vel
281 3179 313 3239 in
334 3179 486 3240 exercitu
508 3178 560 3240 vel
582 3179 616 3239 in
638 3178 820 3260 republica.
841 3177 1001 3241 Absurde
1022 3180 1124 3261 igitur
1144 3181 1241 3262 pauci
1261 3181 1400 3262 quidam

205 3296 329 3360 milites
354 3298 386 3358 in
412 3298 626 3378 imperatoris
649 3298 703 3359 sui
726 3298 909 3359 tentorium
934 3298 1118 3379 irrumpere
1143 3299 1324 3381 linguntur.
1350 3299 1399 3362 At

204 3417 293 3478 istud
325 3417 380 3478 sui
411 3424 489 3497 post
513 3415 641 3478 tribuni
664 3436 763 3497 pone,
789 3414 1013 3497 pulcherrime
1038 3419 1213 3480 enuntiata
1237 3419 1301 3480 erit
1325 3427 1399 3481 tota

204 3536 381 3616 periodos:
411 3535 635 3612 ,centurionis
655 3553 695 3596 ac
715 3533 841 3596 tribuni
861 3535 911 3595 sui
931 3536 1093 3616 sanguine
1117 3556 1234 3598 manus
1255 3538 1396 3614 imbuet,

202 3655 417 3736 imperatoris
442 3654 626 3715 tentorium
651 3652 848 3735 irrumpet.'’
873 3654 988 3736 Ipsum
1012 3653 1093 3716 illud
1118 3658 1209 3737 quod
1233 3658 1396 3720 traditum

202 3784 253 3837 est
284 3774 371 3836 hanc
398 3774 496 3836 nobis
518 3774 817 3855 transpositionem
843 3774 1079 3848 commendat;
1105 3775 1139 3837 in
1163 3777 1281 3839 codice
1305 3777 1395 3839 enim

203 3913 269 3955 non
295 3894 422 3956 tribuni
445 3892 567 3975 legitur
590 3894 649 3955 sed
675 3893 826 3956 tribunis.

204 4060 397 4067 ——-——-

240 4153 265 4218 1)
291 4155 321 4200 ln
341 4154 431 4202 codice
451 4154 487 4202 sic
508 4154 603 4218 legitur
620 4161 645 4204 et
664 4155 701 4203 sic
722 4154 846 4203 liniuntur
865 4167 967 4202 versus:

737 4276 816 4289 .....
826 4277 833 4304 ,
853 4240 963 4289 tribunis
982 4255 1040 4287 san·

437 4389 441 4397 .
521 4329 599 4391 guine
618 4344 709 4376 manus
728 4328 827 4376 imbuet
846 4325 1008 4391 imperatoris
1027 4326 1066 4374 sui

199 4420 227 4460 ut
247 4412 323 4461 facile
344 4413 506 4477 intelligatur
523 4416 568 4479 qui
587 4415 682 4464 lactum
702 4416 735 4463 sit
754 4422 783 4463 ut
801 4414 845 4462 sui
862 4430 876 4462 a
895 4413 956 4462 sede
976 4429 1022 4461 sua
1041 4415 1180 4465 aberraret.
