3210 5274
475 1447 685 1530 Epimetrum
710 1449 753 1510 ad
778 1467 877 1530 pagg.
907 1448 968 1528 136
991 1456 1027 1510 et
1055 1449 1124 1526 146.

213 1609 350 1690 Constat
366 1636 401 1690 et
416 1629 500 1691 satis
515 1639 641 1692 constat
657 1648 733 1690 cum
752 1627 919 1690 infinitivo
936 1629 1198 1691 coniunctivove
1215 1630 1399 1711 praeteriti.

251 1868 304 1930 Ne
330 1868 405 1950 quis
429 1878 527 1951 putet
551 1889 605 1931 me
630 1878 758 1932 temere
783 1871 940 1933 statuisse
965 1870 1008 1932 A.
1030 1871 1092 1944 IV,
1113 1871 1134 1933 6
1155 1892 1216 1953 pro
1236 1882 1401 1934 constaret

209 1988 392 2070 legendum
423 2009 497 2052 esse
529 2002 649 2053 constet
679 1998 713 2052 et
745 1990 789 2052 A.
821 1989 883 2064 IV,
915 2003 959 2071 74
988 2002 1114 2054 constat
1137 2011 1198 2072 pro
1222 1991 1397 2067 constabat,

206 2127 326 2170 omnes
357 2108 412 2170 hic
445 2106 539 2171 locos
570 2108 718 2183 afferam,
744 2109 801 2171 ubi
826 2110 966 2172 verbum
992 2109 1073 2173 illud
1098 2111 1238 2192 legatur,
1264 2109 1316 2173 vel
1340 2111 1399 2173 ad-

205 2228 279 2290 dito
312 2226 366 2291 vel
399 2248 467 2291 non
498 2229 617 2291 addito
649 2229 812 2292 adverbio
843 2231 936 2292 satis.
968 2229 1101 2312 Aperte
1131 2251 1212 2311 ergo
1235 2251 1297 2312 pro
1323 2250 1398 2293 mea

204 2351 375 2411 sententia
400 2359 554 2432 pugnant
578 2349 629 2411 hi:

250 2467 294 2529 A.
318 2468 342 2541 Ι,
369 2486 416 2549 13.
442 2467 577 2532 Constat
598 2467 775 2530 Haterium
798 2488 904 2550 prope
924 2489 944 2530 a
964 2467 1127 2530 militibus
1147 2469 1368 2552 intersectum.

250 2586 293 2649 A.
320 2587 381 2661 Xl,
409 2605 458 2668 31·
485 2586 578 2651 Satis
601 2599 727 2651 constat
749 2607 790 2648 eo
816 2607 942 2669 pavore
967 2586 1110 2650 offusum
1135 2585 1323 2650 Claudiurn.

250 2705 293 2769 H.
319 2707 343 2780 Ι,
370 2707 417 2771 18.
441 2706 576 2772 Constat
590 2709 736 2790 potuisse
755 2708 925 2771 conciliari
946 2709 1078 2771 animos
1098 2709 1396 2791 quantulacunque

204 2829 297 2908 parci
322 2828 411 2890 senis
435 2827 589 2909 (Galbae)
615 2826 827 2891 liberalitate.

254 2945 297 3007 H.
324 2945 350 3021 1,
374 2964 427 3024 41.
454 2947 507 3008 De
531 2966 727 3028 percussore
752 2966 820 3008 non
844 2948 928 3010 satis
951 2958 1085 3009 constat.

249 3064 294 3127 H.
328 3066 388 3140 ΙΙΙ,
424 3082 474 3147 29.
509 3066 656 3128 Primum
688 3067 853 3148 irrupisse
880 3066 916 3128 C.
943 3065 1154 3128 Volusenum
1177 3068 1265 3130 inter
1287 3088 1396 3131 omnes

202 3196 354 3248 auctores
377 3196 512 3248 constat.

249 3303 292 3366 H.
318 3303 380 3379 lV,
404 3304 458 3385 69.
491 3303 627 3368 Constat
648 3303 809 3367 obstitrsse
832 3304 979 3366 Treviris
1003 3306 1094 3386 quod
1120 3304 1275 3368 Vindicis
1299 3315 1394 3371 motu

202 3442 278 3485 cum
304 3422 459 3504 Virginio
483 3431 658 3486 steterant.

248 3542 332 3624 Agr.
362 3559 410 3622 13.
439 3543 596 3624 Agitasse
620 3541 659 3604 G.
685 3542 863 3640 Caesarem
886 3544 928 3605 de
949 3545 1106 3606 intranda
1127 3545 1299 3607 Britannia
1312 3547 1392 3609 satis

199 3673 333 3725 constat.

244 3779 332 3861 Agr.
356 3798 410 3858 41.
436 3779 528 3842 Satis
551 3791 677 3842 constat
701 3781 886 3844 Domitiani
911 3802 1047 3863 quoque
1070 3803 1168 3845 aures
1188 3785 1389 3849 verberatas.

244 3899 333 3961 Dial.
365 3900 412 3961 16.
442 3898 536 3979 Quos
559 3900 643 3962 satis
667 3912 793 3963 coastat
817 3898 962 3981 Philippi
987 3911 1020 3963 et
1044 3902 1234 3964 Alexandri
1260 3912 1390 3987 tempo-

204 4018 293 4080 ribus
307 4019 477 4103 floruisse.

244 4138 334 4202 Dial.
376 4140 423 4200 18.
455 4137 548 4202 Satis
578 4151 704 4204 constat
734 4160 776 4202 ne
800 4138 954 4203 Ciceroni
979 4141 1118 4220 quidem
1142 4144 1391 4208 obtrectatores

203 4257 355 4341 defuisse.

243 4377 329 4440 Dial.
356 4392 407 4458 25.
433 4376 528 4459 Quos
550 4379 635 4440 satis
657 4390 782 4440 constat
805 4387 884 4440 ante
908 4399 936 4440 c.
961 4398 1069 4442 anuos
1086 4383 1208 4464 fnisse.
