3210 5274
759 356 819 448 ⁴4⁶

200 535 244 597 Et
280 554 447 615 quaenam
484 534 620 608 utilitas,
656 534 832 615 quodnam
866 531 1137 595 emolumentum
1170 533 1205 593 in
1237 530 1392 593 conviciis

199 653 399 735 probrisque
423 650 532 715 inest?
555 650 646 733 Quid
671 653 764 733 quod
789 652 902 714 verbis
919 652 990 713 sine
1008 661 1156 731 respectu
1176 651 1294 712 venene
1312 656 1393 710 toto

199 794 264 855 que
285 773 397 855 capite
419 789 456 852 31
480 772 619 835 Tacitus
640 771 729 834 ultro
748 771 898 833 declarat
918 769 992 832 illas
1012 770 1055 830 de
1073 767 1214 831 Othone
1240 767 1395 850 epistolas

199 891 390 972 probrosas,
414 891 441 952 si
466 891 499 952 in
525 890 614 953 bello
638 889 728 952 civili
752 888 846 953 Otho
870 889 1017 961 vicisset,
1041 887 1185 949 fortasse
1206 886 1398 949 auctoribus

200 1028 315 1073 earum
336 1009 478 1071 exitium
500 1009 658 1071 allaturas
677 1008 788 1071 fuisse.
810 1006 867 1069 Ad
888 1008 958 1069 vim
978 1005 1199 1086 coloremque
1218 1005 1397 1067 verborum

201 1138 291 1191 recte
312 1128 533 1209 intelligenda
553 1129 642 1191 viam
664 1134 855 1189 monstrant
875 1125 1064 1187 suavissimi
1085 1122 1244 1186 versiculi
1263 1123 1398 1205 quidam

201 1249 233 1311 in
266 1247 380 1312 Ovidii
415 1247 756 1329 Metamorphosesin.
790 1245 974 1326 Postquam
1006 1253 1109 1326 poeta
1134 1243 1289 1305 narravit
1311 1241 1398 1324 apud

202 1365 435 1428 Philemonem
466 1365 719 1446 Baucidemque
750 1384 870 1427 omnes
900 1365 995 1426 cibos
1026 1363 1206 1445 appositos
1237 1361 1341 1424 fuisse
1367 1362 1397 1422 in

202 1485 410 1567 supellectile
435 1484 539 1560 fictili,
564 1484 648 1547 haec
672 1483 786 1546 addit:

668 1611 747 1684 post
770 1602 855 1665 haec
879 1602 1029 1665 caelatus
1051 1601 1174 1664 eodem

424 1723 552 1784 sistitur
575 1729 717 1802 argento
741 1728 851 1783 crater
867 1718 899 1800 ¹).

204 1840 324 1903 Eodem
356 1852 495 1923 argento
527 1840 640 1903 iocose
672 1848 776 1920 poeta
807 1840 891 1902 dicit
922 1858 1001 1920 pro:
1031 1837 1171 1920 argilla,
1197 1846 1234 1898 et
1256 1837 1400 1900 caelatus

205 1979 266 2041 pro
289 1961 358 2021 sine
380 1971 455 2022 arte
468 1960 597 2040 factus.
624 1957 748 2019 Itidem
773 1966 890 2020 nostro
911 1957 1021 2018 Taciti
1041 1956 1117 2017 loco
1130 1958 1255 2038 jovere
1274 1954 1399 2037 aliquid

204 2077 361 2138 dicuntur
393 2076 548 2139 homines
578 2076 745 2139 incuriose
777 2084 812 2138 et
843 2075 1093 2139 inconsiderate
1121 2084 1273 2156 agentes,
1300 2084 1400 2155 atque

206 2193 334 2258 utilitas
359 2194 424 2270 illa,
449 2214 551 2275 quam
579 2194 749 2274 „fovent”‚
774 2203 825 2257 est
850 2215 902 2257 res
926 2214 994 2257 non
1019 2195 1129 2256 minus
1151 2195 1279 2256 inutilis
1300 2213 1401 2276 quam

204 2334 244 2376 ea
276 2334 363 2394 quae
395 2313 499 2375 modo
531 2321 582 2374 est
614 2320 891 2388 commemorata,
924 2313 1030 2375 immo
1055 2332 1137 2374 vero
1162 2312 1272 2374 multo
1297 2312 1402 2392 magis

204 2431 344 2514 periculi
364 2431 474 2513 plena.
496 2431 617 2513 Neque
637 2440 753 2494 tamen
774 2432 950 2494 intercedo
968 2431 1150 2513 quominus
1162 2432 1209 2493 sic
1224 2431 1294 2493 fere
1308 2431 1399 2493 locus

204 2560 363 2624 vertatur,
398 2560 433 2612 ut
457 2550 537 2613 fecit
564 2551 724 2626 Ritterus,
749 2551 802 2613 vel
828 2551 979 2632 Belgice:
1009 2571 1065 2630 „ze
1090 2549 1318 2631 behartigden
1343 2556 1399 2610 net

205 2667 302 2730 zoo'n
335 2667 491 2748 belang”,
524 2669 711 2731 dummodo
743 2668 801 2748 qui
826 2688 867 2730 ea
889 2667 1056 2731 vocabula
1080 2668 1201 2730 recitat
1225 2665 1400 2749 pronunti·

205 2787 284 2850 andi
310 2785 496 2849 acerbitate
520 2785 618 2849 eain
643 2785 849 2848 contrarium
873 2787 1087 2867 detorqueat.

253 2903 395 2967 Duobus
415 2904 562 2985 denique
582 2903 664 2966 locis
684 2904 718 2965 in
737 2904 944 2967 describendo
955 2904 1122 2966 eiusmodi
1136 2903 1313 2966 vocabulis
1326 2921 1400 2964 usus

207 3043 279 3085 esse
307 3022 446 3085 Tacitus
470 3021 551 3084 mihi
577 3022 720 3096 videtur,
746 3043 833 3104 quae
857 3022 1049 3104 legentibus
1073 3024 1258 3103 imaginem
1283 3024 1401 3085 ridicu·

207 3141 274 3204 lam
306 3149 472 3222 ponerent
499 3149 579 3203 ante
603 3140 729 3203 oculos.
755 3140 798 3202 H.
825 3141 886 3215 III,
915 3158 953 3204 10
977 3141 1105 3204 Milites
1129 3140 1276 3204 Antonii
1303 3141 1400 3204 Primi

208 3258 382 3321 Veronam
403 3257 492 3319 vallo
513 3259 739 3334 circumdant3
754 3259 808 3321 hic
821 3259 934 3322 subito
948 3279 1058 3323 novae
1070 3259 1223 3342 legiones
1234 3261 1400 3322 accedunt

207 3377 347 3451 amicae,
378 3376 448 3449 sed,
481 3376 562 3438 dum
595 3376 711 3457 procul
743 3379 846 3440 etiam
878 3388 984 3454 erant,
1013 3379 1161 3442 hostium
1186 3379 1399 3441 videbantur.

208 3494 284 3568 Hic,
313 3501 349 3554 ut
373 3492 444 3556 fieri
467 3492 565 3569 solet,
590 3494 714 3557 milites
738 3496 968 3577 proditionem
991 3498 1215 3580 suspicantur,
1239 3506 1345 3578 atque
1368 3497 1399 3558 in

207 3612 389 3694 Tampium
418 3610 629 3688 Flavianum,
654 3615 787 3695 pridem
812 3616 892 3697 ipsis
916 3616 1061 3679 invisum
1087 3617 1240 3680 involant
1265 3637 1398 3681 omnes:

256 3729 348 3809 „Nec
372 3727 561 3793 defensioni
584 3730 688 3806 locus,
714 3752 922 3814 quamquam
946 3735 1116 3817 supplices
1140 3755 1260 3799 manus
1284 3737 1400 3799 tende·

208 3855 269 3920 ret,
302 3846 395 3909 humi
426 3847 625 3930 plerumque
649 3857 782 3923 stratus,
808 3850 918 3914 lacera
942 3861 1047 3928 veste,
1073 3862 1192 3936 pectus
1215 3864 1321 3937 atque
1345 3875 1400 3919 ora

208 3963 356 4046 singultu
380 3966 568 4045 quatiens”.

210 4145 403 4155 ——-

250 4252 275 4317 1)
296 4252 358 4301 Met.
387 4252 462 4317 vm,
486 4251 538 4301 668
557 4254 665 4319 Optime
685 4257 805 4307 traditam
823 4259 963 4309 lectionem
982 4262 1098 4312 Kornius
1116 4272 1210 4314 servat.
1231 4266 1403 4318 Coniecturae

212 4335 246 4385 D.
267 4336 371 4386 Helusil
390 4338 628 4402 eadem-argilla
646 4356 681 4390 ne
699 4344 858 4393 mentionem
877 4347 985 4410 quidem
1003 4350 1086 4399 facere
1105 4351 1186 4400 satius
1205 4361 1260 4402 erat
