3292 5280
793 421 855 488 129

224 594 288 661 est,
320 587 430 668 ipsum
462 592 616 648 senatum
648 583 820 647 declarare
852 584 886 646 in
918 592 1038 646 senatu
1069 593 1139 647 tam
1164 604 1283 667 parum
1307 591 1419 646 tutum

224 727 299 770 esse
320 707 571 789 imperatorem,
592 712 630 768 ut
649 705 679 766 ei
700 704 868 787 praesidio
888 724 974 786 opus
994 704 1037 766 sit
1056 712 1198 767 armato.
1219 703 1269 767 At
1284 711 1421 766 senator

225 828 401 910 Togonius
432 826 467 888 in
499 846 574 889 eam
606 825 811 888 sententiam
835 823 1030 886 declamans
1054 844 1164 905 neque
1188 822 1346 886 ridiculus
1370 830 1421 884 est

227 967 338 1029 neque
369 945 475 1008 videri
507 944 597 1007 vult:
628 943 851 1027 perfidissima
874 944 1148 1025 astutissimaque
1171 942 1421 1005 insimulatione

226 1066 318 1129 haud
339 1084 466 1147 paucos
485 1072 659 1127 senatores
678 1071 854 1145 suspectos
874 1064 1016 1126 reddere
1036 1071 1071 1126 et
1091 1065 1124 1126 in
1146 1064 1236 1125 vitae
1252 1064 1422 1125 adducere

227 1186 409 1248 discrimen
441 1184 556 1247 studet
586 1192 624 1245 ut
649 1182 782 1245 illorum
806 1182 956 1264 pernicie
980 1191 1109 1245 crescat
1133 1183 1215 1266 ipse.
1242 1182 1341 1245 Nunc
1365 1183 1423 1244 de·

229 1326 322 1369 mum
341 1313 485 1388 apparet
504 1324 606 1385 quam
627 1311 812 1385 praestans,
833 1323 936 1383 quam
956 1311 1038 1384 apta
1058 1301 1421 1385 prudensque‘Tiberii

228 1425 329 1489 suerit
359 1423 514 1507 epistola,
546 1442 648 1506 quam
681 1422 782 1506 paulo
810 1431 889 1509 post
912 1421 1050 1484 Tacitus
1075 1430 1331 1496 commemorat,
1355 1441 1423 1502 qua

229 1566 298 1608 non
330 1544 442 1606 hercle
469 1543 572 1607 animi
596 1562 696 1606 causa
724 1542 888 1623 „ludibria
911 1543 1005 1605 seriis
1029 1542 1232 1625 permiscet”
1257 1541 1422 1616 Tiberius,

228 1667 288 1729 sed
321 1666 354 1727 in
385 1685 421 1727 re
451 1664 649 1746 gravissima
681 1665 801 1747 optimi
833 1664 994 1747 principis
1025 1663 1233 1726 luculentum
1257 1663 1424 1744 simulque

228 1785 378 1849 facetum
398 1785 457 1847 dat
477 1785 730 1846 documentum.
751 1784 928 1846 Postremo
949 1783 1022 1864 ipsa
1038 1782 1094 1845 illa
1111 1781 1254 1866 epistola
1275 1781 1425 1845 declarat

228 1914 310 1968 tunc
342 1905 385 1966 de
417 1904 586 1987 praesidio
618 1902 756 1965 Tiberio
787 1904 903 1966 dando
933 1904 1269 1968 senatusconsultum
1287 1905 1423 1986 factum

228 2045 302 2087 esse
323 2025 417 2106 (quid
438 2023 528 2086 enim
548 2023 612 2084 sibi
634 2022 771 2085 volebat
791 2022 857 2097 illa,
879 2023 905 2084 si
927 2021 1010 2084 nihil
1029 2023 1072 2086 ad
1090 2022 1264 2086 Tiberium
1282 2023 1424 2086 relatum

227 2154 301 2207 erat
332 2143 394 2205 nisi
420 2142 502 2204 hoc:
527 2163 627 2205 unum
650 2153 833 2204 senatorem
858 2143 1028 2204 censuisse
1053 2141 1134 2204 illud
1160 2151 1194 2205 et
1217 2163 1278 2224 per
1302 2143 1426 2206 deridi-

228 2263 343 2326 culum
380 2282 452 2324 esse
487 2262 640 2323 auditum
654 2259 677 2342 i)
710 2269 814 2341 atque
846 2260 956 2323 Taciti
989 2263 1217 2324 narrationem
1249 2271 1320 2325 tam
1353 2283 1425 2325 esse

229 2380 465 2465 imperfectam
490 2389 526 2444 ut
550 2399 650 2443 sensu
675 2400 769 2443 cassa
792 2381 899 2443 videri
924 2382 1040 2464 possit.

274 2494 445 2583 Denique,
465 2501 492 2563 si
513 2501 588 2582 quis
606 2499 713 2562 aniles
733 2499 843 2562 Taciti
863 2521 969 2582 nugas
989 2502 1032 2564 de
1052 2502 1292 2584 superstitione
1309 2523 1426 2585 quam-

229 2622 281 2684 vis
300 2620 448 2683 absurda
468 2639 673 2701 cognoscere
693 2620 797 2701 cupit,
818 2620 846 2681 is
866 2619 947 2682 mihi
968 2619 1043 2683 libri
1065 2621 1115 2683 VI
1136 2622 1227 2704 legat
1247 2631 1350 2704 caput
1367 2639 1424 2685 22:

228 2743 392 2805 adversus
418 2739 735 2803 mathematicorum
759 2738 893 2801 fraudes
917 2748 987 2802 tam
1012 2761 1131 2823 parum
1155 2741 1288 2805 firmum
1312 2763 1348 2805 se
1369 2743 1427 2805 vix

230 2862 412 2944 quisquam
436 2880 585 2941 unquam
609 2859 778 2942 praestitit
801 2879 903 2940 quam
928 2859 992 2922 hoc
1016 2859 1093 2923 loco
1113 2860 1341 2924 nobilissimus
1361 2862 1427 2925 his·

231 2981 360 3044 toricus
383 2987 508 3043 noster.
