3210 5274
785 388 828 448 82

249 564 269 623 i.
293 584 323 624 e.
355 583 422 624 non
451 583 513 631 ,ne
538 563 647 635 Liria,
672 562 786 626 Seiani
812 562 935 645 paelex
959 564 1014 643 (ε.-
1039 560 1211 641 adultera)
1237 560 1407 622 aemulati-

203 703 305 743 onem
330 684 438 743 iustae
462 684 577 743 uxoris
601 682 803 755 metueret”,
828 683 888 746 sed
918 702 980 761 ,ne
1005 682 1079 763 ipse
1104 679 1252 743 Seianus
1273 688 1405 761 propter

204 802 388 883 ¹lpicatam
412 801 532 883 paelici
557 803 679 881 (rivali)
703 805 774 865 cius
797 813 976 885 suspectus
1000 799 1124 863 esset”.

248 922 340 982 Ann.
368 920 428 993 ll',
455 938 505 1001 29.
534 921 645 983 Locus
669 931 721 984 est
741 924 785 984 de
808 922 913 985 Vibio
934 920 1075 994 Sereno,
1096 939 1202 1000 quern
1224 940 1304 981 suus
1325 917 1405 980 filius

201 1052 353 1114 accusat;
386 1042 424 1114 is,
448 1061 525 1103 cum
550 1042 708 1122 quaestio
731 1042 776 1103 de
799 1042 906 1104 servis
930 1040 1048 1102 habita
1073 1042 1221 1103 adversa
1247 1039 1311 1101 sibi
1336 1038 1404 1100 suis·

199 1169 261 1231 set,
286 1160 370 1220 iram
395 1160 486 1241 vulgi
511 1170 668 1222 metuens
693 1158 856 1243 profugit,
879 1162 939 1222 sed
964 1181 985 1222 a
1008 1159 1150 1220 Tiberio
1172 1159 1356 1221 retrahitur
1375 1165 1406 1218 et

200 1280 340 1358 exsequi
359 1280 612 1342 accusationem
631 1280 773 1361 cogitur.
797 1279 886 1342 Nam
905 1288 1004 1342 vetus
1023 1287 1097 1341 erat
1115 1277 1248 1340 Tiberii
1269 1278 1302 1340 in
1319 1296 1404 1339 reum

199 1398 316 1460 odium
341 1409 482 1481 propter
505 1401 675 1511 quqedam
699 1397 827 1461 abillo
852 1397 1063 1481 petulantius
1089 1396 1199 1460 dicta:

249 1537 307 1581 .ea
331 1516 456 1579 Caesar
479 1529 560 1579 octo
583 1526 662 1599 post
685 1537 796 1580 annos
820 1516 962 1591 rettulit,
984 1516 1136 1579 medium
1159 1525 1300 1599 tempus
1320 1516 1405 1577 varie

202 1655 356 1714 arguens,
388 1638 519 1699 etiamsi
553 1646 727 1700 tormenta
758 1636 951 1719 pervicacia
982 1655 1160 1697 servorum
1189 1648 1312 1699 contra
1336 1655 1405 1697 eve·

207 1753 367 1814 nissent''.

257 1871 368 1933 Primo
400 1885 540 1955 aspectu
563 1876 696 1937 etiamsi
716 1876 897 1938 evenissent
919 1874 974 1937 hic
998 1874 1147 1957 positum
1173 1874 1284 1937 videri
1309 1873 1409 1956 possit

210 2011 271 2070 pro
292 2012 492 2072 quamquam
511 2006 697 2067 meremur,
718 1996 777 2056 sed
801 2015 869 2057 non
890 2014 934 2055 ex
951 1993 1063 2056 Taciti
1082 2014 1202 2056 verum
1222 2014 1267 2056 ex
1286 1992 1406 2056 Tiberii

210 2120 323 2172 mente
354 2131 395 2172 ea
427 2113 595 2175 vocabula
625 2113 737 2194 posita
768 2122 865 2188 suut;
895 2113 923 2174 is
953 2113 1044 2174 enim
1074 2112 1121 2173 sic
1151 2113 1334 2194 disputans
1361 2120 1406 2172 est

210 2229 465 2309 intelligendus:
494 2235 665 2312 „quamvis
689 2232 879 2315 pervicacia
903 2251 1079 2294 servorum
1099 2240 1275 2293 tormenta
1295 2240 1406 2293 contra

208 2351 380 2421 cverurr'nr,
402 2358 517 2413 tamen
539 2352 753 2413 damnandus
773 2351 920 2414 Serenus
937 2359 999 2425 est,
1019 2370 1098 2412 nam
1115 2359 1197 2412 ante
1211 2359 1293 2412 octo
1305 2368 1406 2412 annos

210 2465 386 2529 maledixit
407 2469 498 2543 mihi,
520 2478 555 2531 et
575 2479 695 2550 postea
715 2490 853 2553 quoque
873 2491 977 2532 unum
997 2479 1032 2532 et
1052 2470 1197 2533 alterum
1219 2470 1301 2534 fecit
1319 2470 1404 2553 quod

209 2585 289 2647 mihi
316 2587 495 2650 molestum
520 2589 641 2651 esset'’.
668 2590 835 2653 Fabulam
859 2610 942 2672 ergo
966 2589 1010 2651 de
1034 2589 1116 2672 lupo
1140 2597 1174 2651 et
1200 2610 1292 2672 agno
1314 2589 1405 2653 nobis

210 2704 337 2768 Tiberii
361 2708 472 2769 oratio
495 2709 528 2770 in
554 2716 705 2771 mentem
729 2718 841 2772 vocat.

254 2825 345 2887 Anu.
379 2826 440 2901 lV,
475 2846 525 2908 34.
557 2827 749 2891 Cremutius
780 2828 913 2892 Cordus
944 2838 982 2892 ut
1013 2831 1227 2892 demonstret
1258 2850 1296 2892 se
1330 2827 1405 2892 nihil

209 2946 417 3007 commisisse
441 2949 533 3028 quod
559 2948 700 3010 Brutum
721 2956 755 3010 et
776 2947 929 3011 Cassium
950 2949 1149 3024 laudaverit,
1171 2957 1207 3011 et
1228 2949 1295 3012 alia
1316 2949 1405 3013 affert

210 3066 369 3147 exempla
392 3076 426 3128 et
452 3067 533 3128 hoc:

256 3184 372 3262 „Titus
406 3186 531 3259 LiviuS,
563 3187 781 3268 eloquentiae
813 3207 852 3250 ac
883 3187 962 3251 fidei
993 3187 1187 3270 praeclarus
1218 3188 1252 3249 in
1281 3189 1404 3269 primis,

208 3302 268 3364 Cn.
295 3304 494 3386 Pompeium
519 3305 644 3367 talibus
668 3305 825 3369 laudibus
849 3306 981 3379 extulit,
1003 3315 1040 3368 ut
1062 3306 1311 3387 Pompeianum
1332 3323 1404 3368 eum

208 3420 383 3501 Augustus
406 3423 611 3504 appellaret:
637 3431 748 3506 ne'que
773 3425 806 3487 id
831 3425 1002 3487 amicitiae
1027 3444 1144 3487 eorum
1169 3423 1320 3486 offecit‘’.

254 3541 453 3624 Plerumque
477 3543 535 3605 illo
559 3544 728 3607 vocabulo
745 3544 833 3628 fides
858 3553 977 3607 notum
1001 3543 1095 3606 illum
1121 3543 1210 3606 Livii
1230 3546 1404 3609 candorem

207 3660 334 3723 laudari
361 3663 421 3723 viri
442 3664 533 3725 docti
556 3672 692 3744 putant;
715 3664 774 3725 sed
795 3663 852 3726 illa
871 3664 1012 3744 quidem
1031 3665 1143 3727 virtus
1163 3662 1246 3744 quid
1268 3665 1324 3726 hic
1344 3664 1405 3726 sibi

207 3779 299 3841 vult?
319 3779 502 3861 Quomodo
524 3783 601 3843 inde
622 3782 815 3846 Cremutius
834 3791 1072 3864 argumentum
1093 3790 1211 3864 petere
1230 3792 1348 3863 potest
1365 3782 1405 3846 ad

207 3899 311 3960 verba
328 3920 388 3961 sua
405 3908 580 3982 tamquam
600 3904 746 3965 innocua
764 3898 1001 3966 defendenda?
1018 3899 1118 3963 Fides
1135 3901 1338 3983 intelligitur
1354 3903 1406 3964 hic

208 4017 291 4080 fides
320 4039 399 4099 erga
430 4020 618 4101 principem
647 4030 681 4083 et
705 4024 846 4085 omnino
870 4040 951 4101 erga
975 4019 1045 4088 τοὺς
1070 4018 1100 4081 ἐν
1126 4017 1211 4082 τέλει
1235 4018 1406 4096 dederas:

205 4146 257 4198 est
287 4139 358 4198 eius
389 4138 445 4217 qui
480 4140 649 4218 praesenti
681 4161 791 4202 rerum
815 4140 1017 4202 condicione
1041 4145 1077 4199 et
1102 4141 1272 4220 praesenti
1299 4141 1407 4223 reipu-

208 4256 315 4317 blicae
346 4266 436 4318 statu
468 4267 650 4320 contentus
682 4260 724 4320 de
757 4260 854 4321 novis
884 4257 985 4320 rebus
1017 4276 1059 4318 ne
1083 4258 1232 4319 somniat
1256 4260 1405 4340 quidem.

208 4375 270 4435 Est
302 4394 382 4453 ergo
414 4375 505 4455 quod
539 4375 753 4458 Francogalli
788 4374 968 4458 „loyaute”
1000 4375 1187 4455 appellant.
1218 4376 1314 4439 Talis
1345 4375 1406 4438 suit
