3210 5274
793 388 834 454 73

203 552 253 616 illi
287 553 450 615 inservire
480 551 618 634 figurae,
643 573 731 634 quae
749 552 950 637 praeteritio
974 551 1107 625 dicitur,
1132 561 1255 615 norunt
1279 572 1408 626 omnes,

203 693 321 754 neque
339 681 457 735 tamen
475 673 603 754 ubique
615 692 635 735 a
648 673 727 734 viris
740 673 851 734 doctis
863 672 1037 734 observari
1050 670 1131 733 illud
1145 671 1290 734 videtur.
1304 671 1409 734 Velut

203 793 261 856 hic
287 801 339 855 est
362 791 457 855 locus
482 792 526 854 de
546 801 656 854 morte
679 791 849 866 Paulinae,
871 789 1022 855 Senecae
1044 791 1157 852 uxoris
1176 789 1232 871 (A.
1247 789 1324 865 XV,
1337 790 1409 872 64l=

255 911 325 992 ,At
351 912 444 974 Nero
469 911 561 974 nullo
586 912 619 973 in
645 911 819 974 Paulinam
844 911 982 993 proprio
1007 912 1097 985 odio,
1123 930 1161 972 ac
1186 931 1228 972 ne
1253 909 1409 991 glisceret

203 1033 337 1096 invidia
360 1033 580 1106 crudelitatis,
606 1032 701 1095 iubet
725 1032 870 1095 inhiberi
897 1041 1051 1094 mortem.
1079 1031 1304 1094 Hortantibus
1326 1031 1409 1093 mili·

202 1152 299 1216 tibus
329 1154 418 1216 servi
450 1153 632 1235 libertique
664 1152 818 1235 obligant
842 1152 990 1226 brachia,
1016 1160 1176 1235 premunt
1198 1153 1407 1234 sanguinem,

203 1273 375 1334 incertum
396 1293 439 1335 an
460 1273 607 1354 ignarae.
629 1273 729 1347 Nam,
750 1282 787 1335 ut
807 1281 858 1335 est
879 1272 998 1353 vulgus
1018 1272 1061 1333 ad
1083 1272 1251 1334 deteriora
1272 1292 1408 1353 promp-

202 1399 292 1465 tum,
314 1411 382 1454 non
403 1391 541 1454 desuere
563 1392 620 1474 qui
640 1392 828 1466 crederent,
846 1393 956 1453 donec
970 1389 1221 1472 implacabilem
1236 1390 1407 1452 Neronem

201 1512 368 1585 timuerit,
395 1510 520 1574 samam
540 1512 690 1575 sociatae
710 1532 787 1586 cum
810 1512 931 1573 marito
953 1511 1070 1573 mortis
1092 1511 1261 1592 petivisse,
1284 1511 1408 1572 deinde

202 1631 325 1694 oblata
350 1630 484 1693 mitiore
508 1651 569 1713 spe
595 1630 837 1693 blandimentis
862 1630 951 1693 vitae
977 1628 1156 1692 evictam”.

251 1749 405 1812 Dubium
438 1769 506 1812 non
535 1758 586 1811 est
614 1750 695 1831 quin
720 1749 778 1812 illo
802 1770 879 1812 nam
902 1746 1072 1829 significet
1095 1748 1234 1811 Tacitus
1257 1768 1293 1810 se
1316 1768 1407 1830 sper·

203 1889 288 1932 nere
324 1878 358 1932 et
394 1878 615 1933 contemnere
651 1871 734 1932 istos
770 1868 956 1931 maledicae
989 1867 1215 1931 multitudinis
1246 1888 1407 1930 rumores.

204 1989 263 2054 Sic
300 1989 392 2052 enim
429 1990 556 2071 pergit:
597 1989 669 2068 ,cui
705 1989 838 2052 addidit
874 2007 1000 2070 paucos
1031 2008 1148 2061 annos,
1180 1987 1341 2049 laudabili
1374 1987 1407 2049 in

203 2110 366 2172 maritum
391 2110 555 2171 memoria
579 2118 614 2171 et
634 2129 692 2171 ore
713 2129 753 2171 ac
774 2109 935 2172 membris
956 2110 989 2170 in
1010 2128 1087 2170 eum
1109 2107 1272 2189 pallorem
1293 2107 1408 2170 alben-

204 2229 310 2304 tibus,
336 2237 373 2292 ut
397 2231 547 2292 ostentui
571 2240 660 2293 esset
685 2232 824 2295 multum
848 2230 963 2294 vitalis
985 2231 1126 2312 spiritus
1148 2227 1315 2312 egestum‘’
1328 2227 1360 2309 ¹).

252 2347 323 2412 Sed
356 2349 399 2411 ad
431 2348 519 2411 bene
551 2349 808 2432 intelligendam
840 2350 950 2412 Taciti
982 2359 1131 2412 mentem
1162 2350 1229 2412 iam
1253 2349 1334 2411 satis
1358 2357 1409 2410 est

207 2477 303 2531 recte
327 2470 542 2552 interpretari
567 2470 843 2533 coniunctionem
868 2491 921 2531 an.
948 2470 1083 2531 Etenim
1109 2471 1269 2533 incertum
1294 2490 1337 2531 arr
1363 2469 1409 2531 ita

207 2597 245 2650 ut
269 2587 366 2650 haud
385 2589 451 2651 scio
473 2610 518 2651 an
542 2609 611 2651 non
636 2598 687 2651 est
710 2590 893 2652 dubitantis
916 2589 975 2651 sed
999 2589 1204 2669 affirmantis
1227 2588 1280 2670 (cf.
1304 2589 1406 2670 Nipp.

204 2728 235 2770 a.
262 2707 295 2769 h.
322 2707 367 2788 l.).
401 2707 477 2769 Hoc
510 2727 591 2789 ergo
611 2708 706 2770 -dicit
737 2707 892 2770 Tacitus:
928 2709 980 2787 „in
1014 2708 1084 2770 vita
1113 2709 1200 2770 servi
1231 2728 1270 2769 ac
1295 2707 1406 2770 liberti

206 2827 383 2890 Paulinam
416 2829 637 2902 retinuerunt,
664 2847 741 2890 cum
772 2828 838 2890 iam
863 2829 944 2909 quid
969 2837 1135 2910 ageretur,
1160 2837 1281 2910 utpote
1306 2829 1405 2891 morti

204 2947 373 3029 proxima,
410 2948 566 3010 nesciret.
604 2947 692 3010 Nam
725 2950 816 3030 quod
850 2947 969 3029 vulgus
1001 2947 1158 3030 perhibet
1278 2948 1311 3010 id
1340 2969 1404 3029 ego

203 3065 301 3127 nihili
325 3064 446 3128 lacio”.
472 3065 562 3148 Quid
587 3067 651 3129 sibi
677 3067 758 3130 velit
780 3068 962 3130 Furneaux
982 3068 1045 3130 hac
1065 3069 1302 3130 annotatione:
1327 3069 1404 3149 „the

204 3187 405 3268 expression
440 3181 602 3251 incertum
637 3209 680 3250 an
711 3208 856 3271 appears
886 3198 923 3250 to
955 3189 997 3250 be
1029 3188 1161 3270 usually
1191 3189 1403 3265 affirmative,

204 3305 272 3368 and
306 3314 343 3367 to
375 3315 513 3387 suggest
542 3327 562 3368 a
590 3306 799 3388 probability
826 3307 939 3369 rather
963 3308 1045 3370 than
1070 3329 1089 3370 a
1113 3308 1238 3382 doubt;
1264 3308 1335 3370 and
1354 3309 1402 3371 al·

206 3425 333 3508 though
365 3425 419 3488 tlte
449 3437 579 3489 context
607 3425 687 3488 ltere
710 3426 823 3506 points
853 3425 907 3489 tlte
929 3426 1024 3489 other
1046 3448 1122 3508 way
1147 3447 1176 3488 e.
1202 3449 1235 3510 q.
1260 3425 1308 3490 s.”
1333 3448 1401 3491 non

203 3564 379 3627 assequor.

250 3665 396 3746 Propter
412 3664 614 3747 particulam
630 3685 707 3728 nam
724 3674 758 3728 et
774 3665 863 3727 hunc
882 3665 1098 3747 inspiciamus
1115 3667 1226 3728 locum
1245 3666 1287 3727 H.
1303 3667 1328 3741 I,
1342 3668 1400 3748 89:

240 3967 268 4035 1)
287 3968 393 4017 Frustra
411 3981 495 4014 meam
513 3965 667 4029 opinionem
685 3966 839 4031 impugnare
858 3967 960 4016 videtur
976 3968 1145 4019 Andresenus
1163 3971 1213 4019 hoc
1232 3984 1399 4036 argumento:
1441 3956 1446 3965 ³

204 4071 248 4117 ,es
273 4054 340 4118 iolgt
365 4052 453 4101 nicht:
478 4052 549 4101 deun
575 4069 608 4101 an
632 4053 678 4102 dns
697 4053 798 4103 Gerede
818 4054 863 4102 der
883 4055 979 4118 Menge
998 4055 1092 4118 glaube
1111 4058 1153 4106 ich
1172 4058 1271 4106 nicht.''
1291 4061 1321 4108 ln
1341 4061 1400 4124 ipso

202 4157 263 4189 nam
285 4138 489 4204 „praeteritivo”
509 4139 571 4188 talia
589 4140 674 4188 inesse
692 4139 785 4189 solent.
807 4140 841 4189 Et
859 4140 928 4190 dicat
945 4142 983 4190 vir
999 4145 1235 4206 praestantissimus
1252 4162 1305 4210 quo
1322 4148 1400 4195 modo

202 4235 271 4276 totus
296 4227 371 4275 locus
393 4226 426 4274 sit
444 4225 623 4290 accipiendus,
641 4226 663 4274 si
682 4243 743 4275 nam
762 4226 805 4275 hic
824 4243 876 4275 non
896 4228 993 4277 indicat
1013 4231 1232 4294 praeteritionem.
1252 4232 1399 4294 Quominus

204 4315 333 4364 incertum
359 4329 395 4362 an
414 4313 524 4377 ignarae
541 4328 600 4361 curn
620 4313 773 4363 Andreseno
793 4323 936 4363 vertamus:
959 4315 1020 4379 „der
1038 4318 1255 4367 wahrsclreinlich
1274 4320 1399 4368 bewusst·

203 4400 294 4452 losen’'
314 4415 370 4451 non
390 4399 536 4449 intercedo:
555 4399 658 4464 egregie
676 4398 742 4448 illud
760 4400 794 4449 ad
814 4416 895 4450 meam
914 4400 967 4450 loci
986 4402 1228 4467 interpretationem
1247 4405 1365 4469 quadrat.
