3292 5280
694 402 758 467 229

128 564 311 638 addideris,
344 563 541 646 languidum
571 565 692 627 reddes
716 567 808 647 quod
833 587 910 628 acre
936 566 996 628 tuit
1022 575 1055 628 et
1080 566 1233 627 mordax.
1270 564 1319 627 cf.

127 684 172 747 A.
183 684 245 760 Vl,
257 701 274 746 2
285 683 378 766 (Post
391 692 536 746 mortem
548 683 659 748 Seiani
674 695 708 747 et
721 685 805 747 aliae
820 686 1020 748 dicebantur
1032 681 1321 747 ab'adulatoribus

125 804 254 867 Tiberii
286 806 319 866 in
351 813 472 867 senatu
506 807 695 868 sententiae
727 816 761 869 et
793 807 906 888 haec):
935 807 1044 886 „bona
1068 804 1181 868 Seiani
1206 804 1320 868 ablata

123 926 256 988 aerario
283 934 318 986 ut
343 925 376 986 in
402 924 520 986 fiscum
546 935 758 1007 cogerentur,
784 935 959 1008 tamquam
984 925 1156 988 referret.”
1190 925 1233 988 A.
1259 925 1319 999 XI,

127 1046 186 1126 36:
212 1054 354 1128 „sponte
374 1065 417 1107 an
440 1054 578 1108 coactus
599 1055 669 1108 tam
692 1067 814 1128 magna
835 1048 1054 1128 peccavisset,
1069 1045 1150 1108 nihil
1164 1045 1320 1108 reserre.”

129 1165 172 1227 H.
207 1165 250 1240 Il,
285 1182 321 1247 7:
361 1185 442 1244 „nec
475 1165 608 1240 reterre,
635 1165 811 1228 Vitellium
836 1187 879 1228 an
904 1165 1078 1230 Othonem
1102 1166 1319 1247 superstitem

129 1284 263 1347 fortuna
289 1284 447 1347 iaceret.”
484 1285 527 1347 H.
554 1285 614 1360 111,
639 1286 700 1348 66:
729 1286 781 1366 „id
807 1285 914 1348 solum
940 1284 1073 1360 referre,
1100 1286 1318 1347 novissimum

131 1406 285 1488 spiritum
330 1427 390 1488 per
425 1406 607 1468 ludibrium
643 1415 677 1468 et
713 1406 937 1468 contumelias
972 1405 1147 1467 effundant
1182 1427 1224 1468 an
1261 1425 1320 1487 per

130 1525 325 1588 virtutem.”
374 1525 481 1588 Vides
522 1527 679 1588 omnibus
721 1526 812 1588 hisce
853 1526 1031 1587 sententiis
1066 1526 1211 1587 eundem
1248 1545 1320 1587 esse

129 1646 289 1720 colorem,
315 1646 459 1708 eandem
484 1645 773 1708 acerbitatem...
800 1653 902 1726 atque
929 1644 1033 1706 verbo
1057 1647 1168 1728 refert
1191 1644 1318 1707 nullum

127 1766 207 1828 addi
232 1765 432 1847 genitivum.
458 1763 547 1846 Quid
573 1785 665 1846 ergo,
689 1766 715 1828 si
741 1772 929 1827 statuamus
949 1771 1065 1825 nostro
1085 1784 1221 1845 quoque
1243 1763 1319 1826 loco

127 1886 300 1969 scripsisse
324 1885 500 1948 Tacitum:
529 1904 615 1965 „non
642 1884 775 1958 referre,
796 1885 822 1945 si
844 1884 1060 1946 citharoedus
1080 1885 1319 1946 demoveretur

128 2013 163 2067 et
197 2006 379 2087 tragoedus
411 2003 652 2067 succederet”?
689 2005 779 2066 Num
805 2003 1002 2066 incredibile
1028 2013 1078 2066 est
1102 2005 1319 2087 adscripsisse

127 2125 292 2206 aliquem:
333 2124 544 2205 „dedecori”,
580 2144 648 2205 quo
684 2133 856 2205 utcunque
892 2123 1096 2205 significaret
1132 2124 1196 2186 hoc
1233 2124 1318 2186 velle

128 2254 319 2307 auctorem:
349 2245 458 2324 „idem
484 2264 556 2306 esse
582 2244 754 2324 utriusque
779 2245 825 2305 rei
850 2243 999 2306 dedecus
1023 2253 1057 2306 et
1082 2244 1226 2305 eandem
1252 2253 1318 2306 tur·

130 2362 363 2446 pitudinem”?
399 2364 509 2426 Immo
532 2363 648 2425 audire
674 2363 755 2425 mihi
781 2363 927 2425 hominis
951 2383 1070 2425 vocem
1095 2364 1222 2426 videor.

174 2484 218 2547 A.
242 2485 319 2559 XV,
341 2485 394 2566 69.
417 2484 579 2546 Vestinus
599 2484 725 2558 consul,
748 2485 875 2547 Neroni
893 2505 973 2567 prae
986 2485 1107 2546 ceteris
1121 2485 1319 2548 mortalibus

129 2605 266 2680 invisus,
295 2605 382 2667 inter
407 2605 496 2687 ipsas
520 2604 637 2687 epulas
661 2604 790 2667 immite
816 2605 858 2666 ab
883 2605 1087 2687 imperatore
1111 2605 1235 2686 accipit
1260 2605 1319 2666 im·

129 2725 270 2806 perium,
295 2726 387 2805 quod
413 2724 592 2786 confestim
616 2724 828 2804 exsequitur:

176 2844 403 2925 „Circumdati
429 2844 562 2906 interim
587 2844 751 2917 custodia,
777 2844 833 2925 qui
857 2843 955 2905 simul
981 2843 1232 2924 discubuerant,
1257 2864 1318 2906 nec

129 2965 193 3026 nisi
224 2973 387 3046 provecta
420 2972 520 3026 nocte
546 2964 659 3026 omissi
684 2972 772 3038 sunt,
797 2972 978 3045 postquam
1004 2936 1318 3045 pavoremileorum‚

129 3105 173 3146 ex
209 3103 325 3145 mensa
356 3084 497 3145 exitium
529 3083 780 3165 opperientium
811 3091 846 3144 et
878 3084 1081 3164 imaginatus
1112 3091 1145 3144 et
1178 3085 1319 3146 irridens

130 3204 223 3267 Nero
246 3205 327 3267 satis
351 3204 506 3286 supplicii
530 3203 629 3266 luisse
654 3205 701 3265 ait
726 3223 787 3285 pro
811 3202 919 3284 epulis
942 3203 1207 3266 consularibus”

173 3324 260 3387 Tum
291 3325 429 3387 demum
453 3322 563 3385 Taciti
589 3323 642 3385 hic
668 3343 805 3385 manum
829 3342 1062 3404 agnoscemus
1087 3323 1113 3384 si
1138 3331 1318 3404 utrumque

127 3456 159 3509 et
181 3445 262 3527 (tam
288 3444 368 3508 illud
394 3445 486 3525 quod
511 3452 591 3506 ante
616 3464 717 3524 quarn
743 3444 834 3523 quod
861 3451 938 3525 post
961 3444 1165 3526 imaginatur
1185 3442 1317 3525 legitur)

127 3564 295 3646 simulque
326 3565 541 3647 participium
572 3564 720 3626 irridens
751 3562 992 3625 deleverimus:
1028 3572 1228 3645 „postquam
1261 3584 1319 3646 pa-

130 3703 247 3746 vorem
283 3703 398 3746 eorum
435 3704 477 3745 ex
514 3703 630 3745 mensa
661 3683 802 3745 exitium
834 3683 1084 3765 opperientium
1116 3683 1318 3764 imaginatus

131 3802 223 3866 Nero
241 3803 323 3866 satis
334 3803 490 3886 supplicii
504 3803 603 3865 luisse
615 3801 696 3865 ait.”
720 3802 847 3884 Ecquis
861 3799 1012 3866 nostrum
1027 3823 1115 3865 nunc
1129 3806 1318 3867 monendus

131 3923 233 3986 etiam
257 3932 308 3985 est
331 3924 375 3985 ab
399 3923 561 3985 irridente
584 3922 667 3984 haec
694 3922 831 3984 Nerone
856 3919 967 3984 dicta?
993 3922 1094 3985 Haud
1119 3924 1250 4005 opinor.
1401 3897 1404 3903 Ι

172 4041 216 4105 A.
250 4042 345 4116 XVI,
379 4058 408 4104 2.
440 4041 499 4104 Ab
531 4042 717 4123 impostore
749 4043 913 4124 deceptus
946 4041 1037 4104 Nero
1068 4043 1223 4123 ingentes
1254 4044 1317 4106 sibi

127 4148 393 4226 auri'thesauros
414 4172 566 4245 repertos
586 4162 741 4237 credidit,
762 4181 908 4243 cumque
929 4161 1014 4224 forte
1027 4163 1149 4224 eodem
1163 4171 1317 4246 tempore

127 4283 197 4345 ludi
238 4282 507 4366 quinquennales
551 4282 802 4345 celebrarentur
837 4282 964 4364 largam
999 4284 1086 4346 hanc
1122 4285 1317 4367 imperatori

127 4402 287 4466 adulandi
312 4403 488 4465 materiem
508 4403 607 4464 avide
628 4402 842 4484 arripuerunt
863 4411 1030 4465 oratores:
1053 4424 1120 4466 non
1141 4404 1316 4467 confusum
