3292 5280
748 1420 809 1483 III.

228 1648 365 1711 Initium
395 1648 517 1711 faciam
541 1669 560 1711 a
585 1648 717 1711 duobus
736 1647 829 1722 locis,
854 1648 911 1729 qui
936 1646 1026 1709 haud
1053 1646 1155 1709 dubie
1179 1666 1281 1728 quam
1305 1665 1376 1707 arc-

182 1766 311 1828 tissime
335 1766 520 1829 cohaerent
542 1787 618 1830 cum
642 1767 812 1829 sententia
835 1785 855 1829 a
875 1765 1081 1828 Woelfflinio
1101 1773 1172 1827 tam
1192 1763 1379 1827 luculenter

182 1885 331 1949 defensa.
357 1887 549 1968 Utrobique
573 1887 663 1950 enim
689 1888 731 1950 de
754 1906 790 1948 se
811 1886 1024 1948 historiarum
1044 1885 1209 1966 scriptore
1229 1883 1378 1966 loquitur

181 2005 330 2080 Tacitus,
355 2016 475 2088 estque
499 2005 584 2069 alter
608 2006 773 2070 eiusmodi
794 2014 831 2069 ut
846 2004 1089 2067 -dummodo
1110 2005 1279 2086 integrum
1300 2023 1378 2065 eum

182 2124 392 2188 vindicemus
412 2126 456 2188 ab
476 2126 584 2189 inutili
605 2126 755 2208 quodam
776 2124 981 2188 emendandi
995 2124 1173 2187 conamine
1186 2160 1229 2169 -
1242 2123 1378 2204 egregie

182 2264 244 2307 nos
267 2246 390 2307 doceat
413 2244 570 2308 Tacitum
596 2266 663 2308 non
689 2246 798 2308 minus
822 2245 910 2307 bene
934 2265 1036 2327 quam
1062 2245 1220 2326 aequales
1244 2253 1378 2305 nostros

180 2365 323 2427 sensisse
355 2364 447 2446 quod
479 2373 568 2428 esset
599 2366 679 2428 boni
712 2364 861 2427 historici
895 2365 1042 2427 officium
1067 2361 1098 2446 ¹),
1131 2364 1238 2426 altero
1269 2372 1377 2425 semet

181 2483 290 2565 ipsum
326 2483 453 2546 indicat
484 2493 519 2545 et
551 2484 670 2546 vitium
702 2485 876 2565 quoddam
909 2483 1087 2566 profitetur
1110 2483 1202 2564 quod
1223 2481 1375 2564 legentes

181 2601 370 2665 identidem
394 2603 428 2665 iu
452 2611 597 2684 utroque
621 2623 724 2685 opere
749 2604 876 2667 maiore
899 2639 942 2649 —
966 2604 1027 2665 sed
1050 2603 1184 2684 saepius
1206 2610 1320 2664 tamen
1341 2602 1374 2663 in

182 2720 374 2784 Annalibus
397 2758 441 2768 —
464 2722 688 2804 agnoscimus.

226 2838 269 2902 A.
291 2840 382 2903 Ann.
404 2841 499 2915 XIII,
523 2856 574 2904 20.
596 2840 779 2922 Postquam
797 2842 945 2903 narravit
959 2841 1141 2915 Neronem,
1156 2840 1377 2903 vehementer

182 2960 381 3022 exterritum
412 2960 511 3022 rebus
542 2979 629 3041 quae
660 2960 723 3022 sibi
756 2961 799 3023 de
832 2968 939 3022 matre
971 2968 1005 3022 et
1030 2958 1188 3022 Rubellio
1211 2979 1232 3021 a
1256 2949 1376 3021 Paride

182 3077 427 3152 nuntiarentur,
449 3098 517 3141 non
538 3077 647 3140 solum
668 3079 712 3140 de
732 3078 796 3141 illis
817 3079 999 3160 perdendis
1019 3078 1186 3160 cogitasse
1201 3078 1260 3139 sed
1274 3078 1377 3140 etiam

181 3199 224 3260 de
256 3198 361 3259 Burro
385 3195 596 3279 praefectura
620 3197 847 3272 demovendo,
873 3197 989 3279 utqui
1015 3197 1130 3259 matris
1154 3204 1243 3260 esset
1268 3197 1377 3278 gratIa

182 3325 373 3399 provectus,
398 3317 444 3377 sic
470 3316 598 3398 pergit:

227 3435 374 3516 „Fabius
415 3434 572 3497 RustIcus
603 3442 722 3498 auctor
753 3445 804 3498 est
835 3435 980 3519 scriptos
1010 3456 1082 3500 esse
1114 3436 1158 3498 ad
1190 3433 1371 3499 Caecinam

182 3555 330 3618 Tuscum
354 3553 538 3630 codicillos,
564 3556 725 3618 mandata
749 3556 778 3617 ei
805 3557 1049 3637 praetoriarum
1073 3554 1264 3617 cohortium
1285 3573 1375 3629 cura,

182 3677 242 3738 sed
278 3696 343 3758 ope
378 3672 529 3738 Senecae
560 3673 794 3755 dignationem
827 3675 932 3736 Burro
963 3682 1150 3737 retentam:
1183 3672 1309 3735 Plinius
1340 3680 1375 3735 et

182 3795 319 3858 Cluvius
351 3793 432 3858 nihil
457 3793 650 3856 dubitatum
675 3794 718 3855 de
742 3792 809 3855 fide
834 3792 996 3875 praefecti
1020 3793 1169 3855 referunt
1183 3839 1279 3854 .....
1303 3790 1376 3854 Nos

182 3933 367 3976 consensum
403 3925 575 3977 auctorum
609 3915 764 3987 secuturi,
798 3935 882 3996 quae
912 3916 1047 3978 diversa
1072 3913 1289 3997 prodiderint
1316 3913 1375 3975 sub

183 4032 364 4096 nominibus
399 4033 546 4115 t‘psorum
583 4031 786 4096 trademus''.
818 4032 911 4095 Ante
943 4045 1115 4097 auctorum
1149 4031 1376 4115 Nipperdeius

220 4288 246 4353 ι)
264 4290 304 4337 De
323 4289 444 4338 omnibus
463 4291 578 4354 autIquis
597 4289 720 4338 historiae
739 4289 909 4353 scriptoribus
925 4289 1010 4339 valere
1027 4290 1097 4339 idem
1112 4305 1199 4354 neque
1215 4304 1375 4354 quemquam

182 4375 270 4409 eorum
290 4376 372 4409 errare
391 4361 501 4410 voluisse
519 4361 618 4425 optime
637 4361 797 4410 demonstrat
815 4360 929 4409 Boissier
946 4361 982 4410 l.I.
