3210 5274
616 1271 712 1334 XVI.

110 1494 291 1556 Manifesto
323 1515 404 1577 ergo
436 1505 579 1578 apparet
611 1518 653 1559 eo
677 1507 859 1579 utrumque
883 1497 1040 1560 codicem
1069 1497 1257 1560 Mediceum

63 1611 217 1674 laborare
250 1613 380 1688 morbo,
412 1615 456 1676 de
487 1636 556 1696 quo
589 1635 677 1678 nunc
709 1616 860 1698 agimus;
892 1614 1000 1678 oculis
1034 1617 1206 1678 cernimus
1228 1624 1258 1678 et

64 1739 197 1793 tantum
224 1752 290 1794 non
316 1733 472 1795 manibus
496 1743 652 1796 tenemus
672 1734 886 1796 librariorum
907 1754 1049 1807 errores,
1071 1736 1262 1797 annotatio·

67 1869 135 1923 nes,
168 1871 270 1933 saepe
298 1852 545 1927 insulsissimas,
570 1853 603 1914 in
628 1861 762 1915 textum
787 1852 1076 1915 transferentium.
1114 1853 1184 1916 Sed
1209 1855 1262 1915 vix

67 1971 232 2033 minorem
258 1971 385 2034 habent
411 1973 638 2054 persuadendi
664 1973 732 2034 vim
758 1973 778 2034 ii
805 1972 881 2048 loci,
906 1992 993 2054 quos
1017 1974 1066 2034 sic
1087 1983 1263 2055 corruptos

66 2111 138 2152 esse
173 2112 238 2153 non
265 2093 420 2155 videmus
444 2094 594 2174 quidem,
620 2095 679 2156 sed
704 2093 861 2155 audimus
885 2100 920 2154 et
944 2094 1019 2174 ipsa
1042 2113 1127 2155 sana
1151 2095 1263 2155 admo·

68 2230 185 2272 nemur
221 2221 345 2274 mente.
382 2212 605 2276 confidenter
641 2214 718 2288 iam,
754 2214 812 2294 qui
847 2233 891 2274 ex
927 2212 993 2274 isto
1028 2232 1156 2294 genere
1191 2219 1264 2273 sunt

68 2330 249 2411 praecipui,
276 2331 382 2406 hocce
404 2352 638 2421 proponemus
664 2333 788 2414 capite.

111 2449 203 2512 Ann.
236 2451 261 2525 I,
294 2452 346 2513 61.
380 2452 558 2534 Campum,
592 2453 649 2514 ubi
683 2452 852 2514 Varianae
877 2452 1080 2515 interierunt
1104 2452 1263 2535 legiones,

68 2569 288 2633 Germanicus
312 2572 579 2654 contemplatur:

116 2690 179 2768 ,Et
212 2690 327 2775 cladis*
349 2691 420 2753 eius
451 2693 666 2774 superstites,
700 2710 849 2772 pugnam
883 2698 942 2752 aut
971 2690 1110 2753 vincula
1142 2691 1261 2773 elapsi,

67 2809 258 2872 referebant
283 2810 337 2872 hic
363 2812 525 2873 cecidisse
549 2811 690 2891 legatos,
716 2810 782 2872 illic
808 2819 923 2892 raptas
946 2810 1096 2891 aquilas:
1119 2812 1261 2892 primum

67 2929 124 2990 ubi
157 2929 277 2991 vulnus
310 2930 402 2991 Varo
434 2931 604 3003 adactum,
637 2928 694 2991 ubi
727 2928 851 2991 infelici
877 2929 1021 2991 dextera
1046 2937 1195 2992 mortem
1218 2930 1261 2990 in·

68 3048 233 3110 venerit.''

107 3168 205 3229 Nunc
220 3168 282 3248 ipsi
297 3168 372 3229 huic
386 3169 505 3230 adesse
519 3168 803 3231 demonstrationi
817 3167 916 3229 nobis
928 3167 1095 3240 videmur,
1106 3169 1259 3230 audimus

63 3287 228 3368 singultus
260 3288 445 3361 hominum,
480 3308 550 3350 rem
583 3288 818 3361 tristissimam,
852 3307 955 3367 quarn
979 3286 1047 3349 suis
1071 3285 1180 3348 oculis
1203 3287 1258 3348 ad·

58 3408 247 3488 spexerint,
280 3408 396 3488 paucis
429 3409 540 3470 verbis
572 3407 828 3489 exponentium,
862 3425 973 3486 neque
1002 3405 1152 3487 patimur
1176 3405 1258 3468 ludi·

65 3526 260 3606 magistrum
293 3546 387 3588 suam
420 3527 471 3588 his
503 3526 645 3589 stridula
676 3545 759 3588 voce
791 3525 1023 3588 intermiscere
1055 3526 1256 3588 doctrinam.
1298 3524 1305 3541 '

64 3645 112 3706 At
137 3647 170 3707 in
195 3645 313 3707 codice
339 3655 415 3726 post
440 3645 569 3728 infelici
589 3647 728 3709 dextera
751 3643 894 3725 legimus
917 3655 949 3706 et
971 3663 1029 3706 suo
1052 3645 1140 3706 ictu!

109 3765 199 3826 Arm.
227 3765 251 3837 l,
277 3765 328 3846 78.
356 3766 473 3826 Edixit
498 3765 653 3826 Tiberius
677 3772 711 3825 et
736 3763 800 3825 alia
825 3770 859 3825 et
884 3761 974 3825 hoc<

114 3886 302 3965 „imparem
333 3885 426 3944 oneri
452 3881 707 3963 rempublicam,
732 3881 794 3943 nisi
819 3880 981 3942 vicesimo
1006 3879 1146 3943 militiae
1171 3902 1259 3945 anno

65 4005 215 4067 veterani
241 4004 503 4065 dimitterentur.
531 4003 582 4063 lta
603 4003 778 4083 proximae
798 3999 975 4062 seditionis
995 3999 1083 4062 male
1105 4002 1259 4064 consulta

66 4123 192 4185 abolita
217 4124 250 4184 in
276 4120 484 4203 posterum.''

109 4242 203 4322 Quae
229 4242 284 4303 illa
309 4242 484 4323 proximae
509 4240 684 4302 seditionis
710 4238 796 4301 male
817 4237 971 4300 consulta
995 4237 1130 4314 fuerint,
1157 4259 1257 4302 nemo

65 4371 133 4420 tam
166 4374 216 4422 est
249 4360 381 4420 infirma
407 4361 577 4433 memoria,
603 4361 684 4439 quin
710 4358 841 4420 noverit
866 4357 980 4418 etiam.
1017 4357 1138 4440 Capite
1164 4360 1254 4421 enim
