3292 5280
906 403 924 449 2

314 586 427 631 nemo.
460 565 556 648 Quae
588 586 641 628 res
668 568 843 648 quomodo
866 585 902 627 se
928 564 1084 627 habuerit
1109 565 1224 646 paucis
1249 584 1383 626 narrare
1408 564 1511 627 iuvat.

359 685 498 748 Tacitus
533 694 568 747 et
605 685 804 748 Plutarchus
839 686 873 746 in
909 684 1099 746 enarranda
1135 682 1263 746 Galbae
1296 683 1511 765 Othonisque

315 803 455 867 historia
485 803 654 885 permulta
684 803 813 867 habent
836 803 1041 878 communia,
1066 822 1134 864 non
1158 801 1267 864 solum
1293 804 1394 864 —id
1419 803 1511 883 quod

314 925 373 986 vix
396 925 509 986 dicere
534 942 620 1005 opus
640 959 683 968 —
703 943 755 985 res
775 921 943 1003 factaque,
965 923 1024 984 sed
1047 922 1149 984 etiam
1170 941 1281 984 rerum
1303 932 1512 985 narratarum

313 1043 584 1124 dispositionem,
610 1043 772 1104 orationis
797 1042 933 1114 lumina,
960 1042 1146 1103 sententias
1173 1049 1207 1102 et
1231 1041 1312 1121 quid
1336 1039 1425 1103 non?
1447 1040 1513 1103 Hic

313 1162 340 1223 si
366 1161 465 1223 nobis
488 1161 637 1224 licuisset
661 1180 793 1224 sumere
815 1162 849 1223 id
872 1161 966 1242 quod
987 1169 1110 1242 sponte
1128 1180 1165 1240 se
1186 1159 1284 1222 offert
1305 1197 1348 1206 -
1369 1162 1514 1222 vitarum

316 1281 518 1362 scriptorem
550 1301 594 1343 ex
625 1281 773 1343 historiis
804 1280 953 1342 hausisse
978 1317 1021 1325 -
1046 1280 1255 1342 incommodi
1280 1279 1362 1341 nihil
1388 1280 1515 1342 suisset.

318 1398 368 1462 At
412 1401 446 1462 id
490 1401 600 1482 ipsum
643 1399 855 1462 severissima
897 1398 971 1481 lege
1015 1419 1147 1461 sumere
1183 1399 1393 1471 vetabamur,
1429 1418 1516 1480 quae

319 1518 533 1599 gravissimas
568 1519 761 1581 minabatur
796 1537 940 1600 poenas:
978 1519 1041 1580 nisi
1076 1517 1170 1580 stulti
1201 1518 1383 1599 stolidique
1417 1527 1451 1580 ct
1483 1519 1516 1580 in

321 1638 495 1720 republica
526 1638 699 1701 literarum
732 1638 884 1721 hospites
908 1638 975 1701 dici
1000 1636 1173 1711 vellemuS,
1198 1657 1393 1719 persuasum
1420 1637 1517 1700 nobis

320 1777 392 1821 esse
433 1759 583 1821 debebat
616 1781 634 1821 e
667 1760 830 1822 communi
863 1756 956 1821 sonte
992 1757 1140 1819 hausisse
1176 1756 1211 1818 et
1246 1756 1443 1819 historicum
1482 1756 1517 1817 et

329 1878 566 1960 biographum.

375 1996 427 2058 Ita
447 1997 490 2059 de
510 1997 679 2060 Plutarchi
698 1998 837 2079 quidem
854 1996 1011 2059 laudibus
1028 1995 1111 2058 nihil
1129 1996 1347 2058 demebatur:
1366 1996 1521 2076 quamvis

328 2117 420 2178 enirn
445 2117 551 2179 multa
573 2117 746 2180 sumsisset
770 2117 814 2178 ab
837 2115 915 2190 alio,
939 2136 1018 2178 suus
1042 2115 1072 2177 ei
1093 2115 1267 2197 perstabat
1287 2114 1411 2177 honor:
1433 2135 1520 2195 quae

328 2236 408 2300 alibi
444 2237 477 2299 in
513 2238 675 2300 continua
709 2237 821 2318 aliqua
857 2237 996 2299 historia
1028 2237 1204 2298 invenerat
1235 2236 1278 2297 ad
1311 2234 1454 2298 Galbam
1487 2244 1522 2297 et

329 2355 503 2420 Othonem
529 2358 745 2440 pertinentia,
770 2376 811 2419 ea
833 2364 995 2438 excerpta
1018 2357 1066 2418 sic
1090 2357 1286 2436 digesserat,
1311 2356 1358 2417 sic
1379 2356 1521 2417 adorna·

257 2518 260 2522 -
330 2484 435 2550 verat,
468 2477 515 2538 sic
548 2484 772 2558 proposuerat
804 2484 840 2539 ut
871 2476 978 2538 iustae
1002 2476 1187 2537 evaderent
1212 2475 1324 2549 Vitae,
1349 2475 1522 2557 eleganter

330 2595 555 2678 perscriptae:
576 2595 699 2658 artifex
718 2614 799 2676 ergo
820 2603 892 2657 erat
911 2595 1081 2677 putandus
1094 2594 1151 2676 qui
1167 2593 1311 2656 honesto
1323 2594 1521 2675 liberalique

329 2713 446 2777 labore
469 2692 685 2777 laudabiliter
707 2723 797 2777 esset
821 2713 1026 2797 perfunctus

376 2832 426 2897 At
458 2833 581 2896 misero
612 2833 733 2897 Tacito
765 2832 847 2895 nihil
878 2832 1029 2896 restabat
1060 2833 1151 2914 quod
1185 2833 1357 2915 proprium
1382 2833 1524 2895 haberet

330 2972 507 3035 suumque.
531 2952 681 3016 Aliunde
706 2963 778 3016 erat
803 2962 975 3016 mutuatus
998 2972 1075 3015 cum
1099 2953 1200 3015 rebus
1219 2953 1333 3028 verba,
1354 2972 1431 3015 cum
1451 2973 1524 3014 ver·

331 3072 382 3136 bis
411 3073 649 3148 elocutionem,
681 3094 758 3137 cum
782 3074 974 3136 elocutione
998 3072 1125 3136 lumina
1150 3081 1184 3135 et
1208 3080 1418 3134 ornamenta.
1445 3071 1523 3135 Non

331 3190 454 3255 artilex
484 3201 557 3256 erat
587 3193 648 3254 sed
679 3194 862 3275 operarius,
894 3214 963 3256 non
993 3193 1138 3274 scriptor
1168 3193 1229 3254 sed
1261 3192 1425 3267 librarius,
1455 3212 1523 3254 non

331 3311 417 3375 liber
440 3311 543 3375 homo
566 3312 627 3374 sed
650 3332 776 3376 servus.
802 3313 923 3394 Neque
948 3331 1109 3394 unquam,
1133 3312 1295 3394 quamdiu
1319 3312 1464 3394 scripsit,
1488 3331 1524 3372 se

331 3431 518 3494 vindicavit
542 3432 575 3494 in
600 3432 804 3496 libertatem.
830 3433 908 3495 Non
933 3431 1079 3495 enimin
1101 3431 1259 3495 Historiis
1278 3430 1388 3493 solum
1409 3450 1524 3493 occur·

331 3560 410 3614 runt
444 3570 485 3613 ea
519 3570 606 3632 quae
642 3550 763 3613 Tacito
795 3552 990 3614 communia
1020 3559 1099 3613 sunt
1131 3570 1207 3613 cum
1241 3550 1431 3625 Plutarcho,
1463 3551 1524 3612 sed

332 3670 437 3734 etiam
460 3670 494 3732 in
518 3669 637 3733 ultima
653 3681 753 3752 parte
770 3670 950 3734 Annalium
971 3669 1137 3732 eiusmodi
1157 3669 1284 3751 aliquid
1306 3670 1475 3731 invenitur
1491 3667 1524 3749 ¹).

334 3791 426 3872 Ergo
449 3790 493 3852 ab
517 3808 560 3852 eo
583 3789 662 3852 inde
686 3798 842 3872 ternpore
867 3810 943 3852 cum
969 3790 1115 3872 primum
1138 3790 1289 3852 animum
1313 3791 1356 3853 ad
1377 3790 1525 3851 scriben-

332 3911 413 3973 dum
441 3908 583 3992 appulit,
609 3928 715 3990 usque
738 3910 781 3971 ad
807 3909 888 3971 illud
913 3928 982 3990 quo
1006 3909 1125 3990 ingens
1148 3928 1245 3970 suurn
1269 3908 1416 3970 absolvit
1440 3928 1526 3990 opus

333 4028 524 4091 describere
550 4036 718 4111 poterat.
744 4075 751 4089 .
777 4076 784 4089 .
809 4027 910 4090 altius
933 4047 1001 4088 non
1024 4026 1190 4110 sapiebat.

378 4147 522 4224 „Crede
542 4167 610 4209 non
631 4148 770 4229 quidem
789 4148 868 4229 quia
888 4146 1072 4210 absurdum
1092 4147 1151 4208 sed
1170 4147 1323 4227 quamvis
1336 4147 1397 4209 tibi
1411 4146 1526 4209 absur-

339 4302 535 4314 ..—

374 4402 399 4469 ι)
419 4404 489 4452 hun.
509 4401 569 4468 XV,
589 4412 621 4464 72
641 4401 701 4450 coll.
721 4418 780 4452 cum
799 4402 867 4451 Plut.
887 4401 963 4451 Galb.
983 4417 1005 4450 c.
1025 4413 1051 4464 9.
