3292 5280
961 408 1005 472 94

360 641 364 648 ¹
437 569 606 647 „Thrasea
630 568 752 632 Pactus
776 568 910 630 silentio
935 568 989 630 vel
1013 566 1108 629 brevi
1133 585 1270 629 assensu
1290 564 1425 647 priores
1446 561 1583 625 adulati-

389 710 472 751 ones
496 689 724 751 transmittere
749 689 866 751 solitus
890 689 1027 751 exitium
1047 687 1178 750 senatui
1195 704 1234 747 ac
1254 684 1318 746 sibi
1339 703 1480 746 causam
1502 682 1582 764 peri·

390 808 454 870 culi
480 807 570 881 fecit,
597 808 717 868 ceteris
742 807 907 869 libertatis
932 807 1064 868 initium
1089 826 1156 867 non
1180 802 1370 886 praebuit”.

435 926 490 990 Sic
514 926 642 1000 codex;
668 925 827 1007 recipitur
852 925 1050 1007 plerumque
1070 925 1177 1007 Lipsii
1198 924 1396 986 coniectura
1416 923 1503 987 exiit
1518 934 1581 985 tum

390 1058 514 1119 senatu,
551 1065 638 1126 quae
673 1045 826 1126 speciosa
861 1045 1000 1125 quidem
1036 1053 1097 1118 est,
1133 1062 1196 1105 nec
1230 1051 1347 1104 tamen
1380 1042 1584 1104 seutentiam

391 1167 532 1248 praebet
554 1166 597 1227 ab
617 1165 709 1227 omni
730 1173 826 1246 parte
848 1163 1070 1245 probandam.
1092 1160 1182 1243 Quid
1204 1161 1296 1223 enIm
1313 1180 1404 1223 nunc
1419 1160 1585 1223 Thraseae

392 1285 475 1346 vitio
496 1285 555 1347 dat
575 1280 734 1345 Tacitus?
755 1281 856 1362 Quod
875 1289 993 1344 senatu
1012 1279 1113 1345 exiit?
1131 1281 1255 1344 Nonne
1267 1300 1350 1362 ergo
1363 1280 1433 1342 hoc
1445 1279 1587 1342 decebat

392 1404 500 1466 virum
532 1422 670 1484 gravem
701 1402 759 1483 qui
784 1409 975 1463 ceterorum
998 1401 1137 1464 serviles
1161 1402 1292 1464 animos
1316 1400 1384 1463 iam
1410 1399 1499 1463 serre
1524 1419 1586 1462 non

393 1521 529 1606 posset?
561 1522 617 1585 An
650 1523 742 1604 quod
776 1543 843 1585 non
876 1523 987 1605 palam
1022 1522 1149 1585 Neroni
1177 1521 1300 1584 restitit
1323 1529 1510 1602 totumque
1533 1520 1587 1583 ad·

394 1643 523 1705 monuit
547 1649 703 1703 senatum
724 1650 760 1703 ut
780 1662 884 1723 seque
904 1650 938 1704 et
958 1641 1203 1723 rempublicam
1225 1640 1417 1703 vindicaret
1436 1640 1471 1702 in
1492 1639 1588 1701 liber·

392 1759 520 1825 tatem?
557 1761 634 1823 Non
666 1761 752 1823 solet
784 1781 842 1823 eos
873 1761 1010 1824 laudare
1043 1760 1182 1823 Tacitus
1213 1760 1270 1842 qui
1301 1768 1428 1842 sponte
1459 1769 1586 1822 certam

394 1882 520 1943 adeunt
554 1881 748 1961 perniciem.
782 1879 968 1953 Praeterea,
1002 1889 1075 1943 tum
1108 1882 1245 1943 demum
1278 1881 1470 1943 necessaria
1503 1889 1588 1943 esset

395 2002 501 2083 Lipsii
534 2000 738 2072 coniectura,
770 2001 796 2061 si
828 1999 964 2062 aliunde
992 2009 1172 2082 appareret
1196 1999 1239 2063 ab
1263 2019 1305 2062 eo
1330 2000 1411 2062 inde
1436 2009 1589 2082 tempore

395 2121 581 2183 Thraseam
605 2121 638 2182 in
664 2128 782 2181 senatu
808 2140 981 2201 nunquam
1001 2120 1165 2197 adfuisse;
1187 2129 1222 2183 at
1242 2121 1318 2195 loci,
1338 2141 1427 2202 quos
1447 2121 1591 2204 Nipper-

396 2241 492 2303 deius
523 2241 566 2302 ad
593 2240 687 2314 XIII,
711 2258 756 2322 49
780 2239 887 2314 affert,
912 2241 1118 2302 contrarium
1144 2242 1281 2303 docent.
1305 2240 1447 2316 Contra,
1472 2243 1501 2304 si
1526 2241 1590 2304 vul·

395 2369 509 2440 gatam
535 2360 729 2433 retinemus,
754 2360 835 2440 quid
862 2361 1000 2422 tandem
1026 2359 1143 2422 fecerit
1164 2361 1332 2422 deeritve
1351 2360 1508 2424 Thrasea
1528 2382 1590 2424 non

395 2479 478 2540 dicit
502 2477 650 2552 Tacitus,
675 2479 734 2541 sed
759 2486 934 2560 tamquam
959 2499 1030 2540 rem
1055 2478 1158 2559 vulgo
1182 2487 1299 2541 notam
1320 2479 1444 2542 reticet
1460 2478 1493 2562 ¹).
1515 2481 1592 2543 For·

394 2607 484 2659 tasse
502 2618 620 2659 revera
638 2605 812 2659 senatores
829 2597 1030 2659 adhortatus
1043 2606 1093 2659 est
1108 2605 1144 2659 ut
1156 2597 1349 2660 libertatem
1363 2608 1590 2680 capesserent,

396 2737 463 2778 non
494 2716 603 2778 solum
631 2715 752 2778 frustra
775 2717 834 2778 sed
859 2716 962 2777 etiam
987 2735 1064 2778 cum
1089 2736 1150 2778 suo
1173 2716 1324 2798 periculo
1348 2725 1385 2779 et
1409 2718 1589 2781 multorum

396 2845 590 2898 senatorum
633 2836 791 2917 pernicie.
831 2833 921 2915 Quid
957 2837 1049 2916 quod
1085 2837 1112 2897 si
1148 2835 1230 2898 nihil
1266 2836 1327 2898 nisi
1362 2839 1449 2901 exiit
1479 2849 1588 2900 senatu

399 2955 557 3027 Thrasea,
579 2956 637 3016 sed
659 2976 735 3017 curn
756 2957 903 3037 quadam
924 2964 1141 3038 contemptus
1162 2965 1196 3018 et
1218 2957 1464 3038 indignationis
1485 2968 1590 3022 osten-

399 3074 538 3146 tatione,
564 3073 619 3134 illa
644 3094 779 3155 quoque
803 3095 855 3135 res
879 3087 958 3137 tecte
981 3076 1092 3137 verbis
1116 3075 1249 3138 traditis
1269 3077 1381 3158 potuit
1403 3079 1590 3159 significari.

400 3193 537 3254 Etenim
556 3202 689 3254 constat
707 3213 728 3254 a
745 3202 838 3255 certo
855 3195 1004 3275 quodam
1018 3192 1173 3277 tempore
1187 3195 1359 3258 Neronem
1373 3198 1418 3259 de
1432 3199 1591 3261 industria

399 3312 432 3373 in
469 3321 642 3373 senatores
671 3310 779 3373 furere
812 3313 981 3393 coepisse;
1015 3331 1127 3375 nonne
1158 3313 1287 3395 aliquid
1318 3317 1412 3396 quod
1446 3317 1590 3380 Thrasea

399 3431 478 3494 fecit
502 3432 631 3493 dixitve
657 3432 903 3513 (qualecunque
928 3432 1008 3496 illud
1029 3435 1113 3516 erat)
1133 3436 1204 3497 eius
1224 3435 1270 3497 rei
1291 3455 1410 3499 ansam
1432 3439 1589 3520 praebere

399 3549 533 3634 potuit?

443 3670 487 3732 A.
509 3670 604 3743 XIV,
625 3671 669 3733 60
693 3670 796 3749 „Mox
814 3670 847 3731 in
866 3668 1088 3752 Campaniam
1109 3672 1205 3753 pulsa
1224 3681 1275 3735 est
1293 3671 1465 3756 (Octavia)
1478 3676 1589 3738 addita

401 3789 535 3850 militari
560 3789 723 3850 custodia.
746 3789 829 3850 Inde
849 3789 957 3851 crebri
978 3799 1117 3870 questus
1137 3812 1198 3854 nec
1218 3792 1343 3855 occulti
1365 3813 1427 3875 per
1447 3793 1588 3875 vulgum,

400 3909 452 3968 cui
482 3908 591 3969 mInor
614 3908 789 3988 sapientia,
816 3927 859 3967 ex
884 3908 1119 3970 mediocritate
1144 3908 1299 3973 fortunae
1324 3912 1487 3991 pauciora
1512 3910 1589 3994 peri·

401 4024 476 4086 cula
506 4033 595 4086 sunt.
627 4025 694 4086 His
719 4045 919 4104 quamquam
943 4025 1036 4087 Nero
1053 4029 1257 4108 paenitentia
1271 4029 1409 4112 flagitii
1430 4031 1590 4094 revocavit

442 4225 467 4290 1)
487 4225 547 4273 Non
574 4225 694 4272 abhorret
716 4224 766 4273 hoc
793 4225 825 4272 ab
851 4239 898 4272 usu
921 4223 1017 4283 Taciti3
1038 4224 1134 4274 iamin
1155 4229 1372 4291 praecedentibus
1391 4245 1473 4279 unum
1492 4239 1518 4280 et
1536 4229 1591 4279 alte·

403 4326 459 4359 rum
478 4311 563 4360 locum
584 4309 695 4357 vIdimus
715 4310 760 4357 ubi
781 4309 846 4358 illud
866 4325 913 4357 usu
933 4310 1041 4374 veniret,
1059 4318 1084 4359 et
1100 4311 1165 4361 alios
1181 4323 1324 4378 praeterea,
1338 4316 1504 4365 occasionem
1521 4313 1591 4376 nacti,

402 4395 585 4443 iudIcabImus.
