<?xml version="1.0" encoding="UTF-8"?>
<!DOCTYPE html PUBLIC "-//W3C//DTD XHTML 1.0 Transitional//EN"
    "http://www.w3.org/TR/xhtml1/DTD/xhtml1-transitional.dtd">
<html xmlns="http://www.w3.org/1999/xhtml" xml:lang="en" lang="en">
 <head>
  <title>
</title>
<meta http-equiv="Content-Type" content="text/html;charset=utf-8" />
  <meta name='ocr-system' content='tesseract 3.04.00' />
  <meta name='ocr-capabilities' content='ocr_page ocr_carea ocr_par ocr_line ocrx_word'/>
</head>
<body>
  <div class='ocr_page' id='page_1' title='image "./analectatacitea00hartgoog_0052.png"; bbox 0 0 3210 5274; ppageno 0'>
   <div class='ocr_carea' id='block_1_1' title="bbox 769 353 809 414">
    <p class='ocr_par' dir='ltr' id='par_1_1' title="bbox 769 353 809 414">
     <span class='ocr_line' id='line_1_1' title="bbox 769 353 809 414; baseline 0 -15"><span class='ocrx_word' id='word_1_1' title='bbox 769 353 809 414; x_wconf 86' lang='lat'><strong>41</strong></span> 
     </span>
    </p>
   </div>
   <div class='ocr_carea' id='block_1_2' title="bbox 200 514 1402 2243">
    <p class='ocr_par' dir='ltr' id='par_1_2' title="bbox 200 514 1402 1906">
     <span class='ocr_line' id='line_1_2' title="bbox 202 514 1397 600; baseline 0.001 -23"><span class='ocrx_word' id='word_1_2' title='bbox 202 514 332 577; x_wconf 92' lang='lat' dir='ltr'><strong>Verum</strong></span> <span class='ocrx_word' id='word_1_3' title='bbox 357 514 532 577; x_wconf 91' lang='lat' dir='ltr'><strong>cautiorne</strong></span> <span class='ocrx_word' id='word_1_4' title='bbox 556 523 591 578; x_wconf 89' lang='lat' dir='ltr'><strong>et</strong></span> <span class='ocrx_word' id='word_1_5' title='bbox 615 517 815 598; x_wconf 88' lang='lat' dir='ltr'>prudentior</span> <span class='ocrx_word' id='word_1_6' title='bbox 839 518 872 579; x_wconf 96' lang='lat' dir='ltr'><strong>in</strong></span> <span class='ocrx_word' id='word_1_7' title='bbox 898 517 1107 600; x_wconf 84' lang='lat' dir='ltr'><strong>proferendis</strong></span> <span class='ocrx_word' id='word_1_8' title='bbox 1127 518 1167 580; x_wconf 93' lang='lat' dir='ltr'><strong>iis</strong></span> <span class='ocrx_word' id='word_1_9' title='bbox 1187 538 1274 600; x_wconf 89' lang='lat' dir='ltr'><strong>quae</strong></span> <span class='ocrx_word' id='word_1_10' title='bbox 1295 517 1397 579; x_wconf 82' lang='lat' dir='ltr'><strong>lando</strong></span> 
     </span>
     <span class='ocr_line' id='line_1_3' title="bbox 201 632 1397 700; baseline 0.003 -5"><span class='ocrx_word' id='word_1_11' title='bbox 201 633 333 696; x_wconf 89' lang='lat' dir='ltr'><strong>audivit</strong></span> <span class='ocrx_word' id='word_1_12' title='bbox 357 632 496 695; x_wconf 89' lang='lat' dir='ltr'>Tacitus</span> <span class='ocrx_word' id='word_1_13' title='bbox 520 653 592 696; x_wconf 91' lang='lat' dir='ltr'><strong>esse</strong></span> <span class='ocrx_word' id='word_1_14' title='bbox 616 633 723 697; x_wconf 85' lang='lat' dir='ltr'><strong>solet?</strong></span> <span class='ocrx_word' id='word_1_15' title='bbox 747 635 857 698; x_wconf 93' lang='lat' dir='ltr'><strong>Immo</strong></span> <span class='ocrx_word' id='word_1_16' title='bbox 881 656 962 698; x_wconf 87' lang='lat' dir='ltr'><strong>vero</strong></span> <span class='ocrx_word' id='word_1_17' title='bbox 987 638 1020 699; x_wconf 90' lang='lat' dir='ltr'><strong>in</strong></span> <span class='ocrx_word' id='word_1_18' title='bbox 1042 657 1172 700; x_wconf 92' lang='lat' dir='ltr'><strong>errores</strong></span> <span class='ocrx_word' id='word_1_19' title='bbox 1191 637 1310 700; x_wconf 87' lang='lat' dir='ltr'><strong>incidit</strong></span> <span class='ocrx_word' id='word_1_20' title='bbox 1329 657 1397 698; x_wconf 90' lang='lat' dir='ltr'><strong>non</strong></span> 
     </span>
     <span class='ocr_line' id='line_1_4' title="bbox 202 753 1398 839; baseline 0.002 -26"><span class='ocrx_word' id='word_1_21' title='bbox 202 753 313 814; x_wconf 92' lang='lat' dir='ltr'><strong>minus</strong></span> <span class='ocrx_word' id='word_1_22' title='bbox 341 753 486 834; x_wconf 93' lang='lat' dir='ltr'><strong>ineptos,</strong></span> <span class='ocrx_word' id='word_1_23' title='bbox 510 772 613 834; x_wconf 92' lang='lat' dir='ltr'><strong>quam</strong></span> <span class='ocrx_word' id='word_1_24' title='bbox 637 754 693 816; x_wconf 91' lang='lat' dir='ltr'><strong>ille</strong></span> <span class='ocrx_word' id='word_1_25' title='bbox 717 763 769 817; x_wconf 88' lang='lat' dir='ltr'><strong>est</strong></span> <span class='ocrx_word' id='word_1_26' title='bbox 791 775 893 836; x_wconf 91' lang='lat' dir='ltr'><strong>quem</strong></span> <span class='ocrx_word' id='word_1_27' title='bbox 918 775 962 818; x_wconf 85' lang='lat' dir='ltr'><strong>ex</strong></span> <span class='ocrx_word' id='word_1_28' title='bbox 987 756 1159 839; x_wconf 89' lang='lat' dir='ltr'><strong>Euripidis</strong></span> <span class='ocrx_word' id='word_1_29' title='bbox 1184 757 1265 820; x_wconf 89' lang='lat' dir='ltr'><strong>Vita</strong></span> <span class='ocrx_word' id='word_1_30' title='bbox 1290 755 1398 818; x_wconf 86' lang='lat' dir='ltr'><strong>attuli.</strong></span> 
     </span>
     <span class='ocr_line' id='line_1_5' title="bbox 202 870 1402 958; baseline 0.003 -26"><span class='ocrx_word' id='word_1_31' title='bbox 202 870 293 953; x_wconf 88' lang='lat' dir='ltr'><strong>Quid</strong></span> <span class='ocrx_word' id='word_1_32' title='bbox 326 871 419 952; x_wconf 94' lang='lat' dir='ltr'><strong>quod</strong></span> <span class='ocrx_word' id='word_1_33' title='bbox 443 882 592 954; x_wconf 79' lang='lat' dir='ltr'><strong>prorsus</strong></span> <span class='ocrx_word' id='word_1_34' title='bbox 614 874 722 936; x_wconf 82' lang='lat' dir='ltr'><strong>eodem</strong></span> <span class='ocrx_word' id='word_1_35' title='bbox 747 875 840 936; x_wconf 87' lang='lat' dir='ltr'><strong>modo</strong></span> <span class='ocrx_word' id='word_1_36' title='bbox 865 894 1006 955; x_wconf 89' lang='lat' dir='ltr'><strong>peccare</strong></span> <span class='ocrx_word' id='word_1_37' title='bbox 1031 877 1152 958; x_wconf 86' lang='lat' dir='ltr'><strong>potuit.</strong></span> <span class='ocrx_word' id='word_1_38' title='bbox 1178 875 1278 938; x_wconf 88' lang='lat' dir='ltr'>Certe</span> <span class='ocrx_word' id='word_1_39' title='bbox 1301 874 1402 937; x_wconf 82' lang='lat' dir='ltr'><strong>semel</strong></span> 
     </span>
     <span class='ocr_line' id='line_1_6' title="bbox 200 989 1398 1075; baseline 0.003 -22"><span class='ocrx_word' id='word_1_40' title='bbox 200 991 235 1053; x_wconf 92' lang='lat' dir='ltr'><strong>id</strong></span> <span class='ocrx_word' id='word_1_41' title='bbox 268 991 299 1052; x_wconf 90' lang='lat' dir='ltr'><strong>ei</strong></span> <span class='ocrx_word' id='word_1_42' title='bbox 331 989 494 1053; x_wconf 89' lang='lat' dir='ltr'><strong>accidisse</strong></span> <span class='ocrx_word' id='word_1_43' title='bbox 527 991 594 1053; x_wconf 90' lang='lat' dir='ltr'><strong>iam</strong></span> <span class='ocrx_word' id='word_1_44' title='bbox 626 1012 688 1074; x_wconf 90' lang='lat' dir='ltr'><strong>pro</strong></span> <span class='ocrx_word' id='word_1_45' title='bbox 713 1001 807 1054; x_wconf 89' lang='lat' dir='ltr'><strong>certo</strong></span> <span class='ocrx_word' id='word_1_46' title='bbox 831 1001 975 1056; x_wconf 88' lang='lat' dir='ltr'><strong>constat.</strong></span> <span class='ocrx_word' id='word_1_47' title='bbox 1002 993 1077 1056; x_wconf 92' lang='lat' dir='ltr'><strong>Hoc</strong></span> <span class='ocrx_word' id='word_1_48' title='bbox 1102 995 1159 1075; x_wconf 93' lang='lat' dir='ltr'><strong>qui</strong></span> <span class='ocrx_word' id='word_1_49' title='bbox 1184 1000 1295 1075; x_wconf 87' lang='lat' dir='ltr'><strong>negat,</strong></span> <span class='ocrx_word' id='word_1_50' title='bbox 1320 1012 1398 1056; x_wconf 91' lang='lat' dir='ltr'><strong>eum</strong></span> 
     </span>
     <span class='ocr_line' id='line_1_7' title="bbox 200 1107 1398 1193; baseline 0.002 -22"><span class='ocrx_word' id='word_1_51' title='bbox 200 1108 287 1191; x_wconf 82' lang='lat' dir='ltr'><strong>sugit</strong></span> <span class='ocrx_word' id='word_1_52' title='bbox 307 1107 504 1171; x_wconf 90' lang='lat' dir='ltr'><strong>doctissima</strong></span> <span class='ocrx_word' id='word_1_53' title='bbox 524 1111 704 1190; x_wconf 85' lang='lat' dir='ltr'><strong>quaedam,</strong></span> <span class='ocrx_word' id='word_1_54' title='bbox 726 1110 1004 1192; x_wconf 84' lang='lat' dir='ltr'><strong>ingeniosissima,</strong></span> <span class='ocrx_word' id='word_1_55' title='bbox 1025 1112 1068 1174; x_wconf 86' lang='lat' dir='ltr'><strong>ad</strong></span> <span class='ocrx_word' id='word_1_56' title='bbox 1089 1112 1271 1193; x_wconf 85' lang='lat' dir='ltr'><strong>legendum</strong></span> <span class='ocrx_word' id='word_1_57' title='bbox 1283 1112 1398 1174; x_wconf 90' lang='lat' dir='ltr'><strong>iucun-</strong></span> 
     </span>
     <span class='ocr_line' id='line_1_8' title="bbox 202 1226 1399 1312; baseline 0.002 -22"><span class='ocrx_word' id='word_1_58' title='bbox 202 1228 342 1290; x_wconf 91' lang='lat' dir='ltr'><strong>dissima</strong></span> <span class='ocrx_word' id='word_1_59' title='bbox 377 1226 505 1289; x_wconf 90' lang='lat' dir='ltr'><strong>Naberi</strong></span> <span class='ocrx_word' id='word_1_60' title='bbox 542 1227 646 1290; x_wconf 90' lang='lat' dir='ltr'><strong>nostri</strong></span> <span class='ocrx_word' id='word_1_61' title='bbox 682 1228 869 1310; x_wconf 90' lang='lat' dir='ltr'><strong>disputatio</strong></span> <span class='ocrx_word' id='word_1_62' title='bbox 904 1228 938 1291; x_wconf 90' lang='lat' dir='ltr'><strong>in</strong></span> <span class='ocrx_word' id='word_1_63' title='bbox 976 1230 1218 1312; x_wconf 91' lang='lat' dir='ltr'><strong>Mnemosynes</strong></span> <span class='ocrx_word' id='word_1_64' title='bbox 1253 1230 1319 1292; x_wconf 90' lang='lat' dir='ltr'><strong>vol.</strong></span> <span class='ocrx_word' id='word_1_65' title='bbox 1356 1245 1399 1292; x_wconf 87' lang='lat'><strong>20</strong></span> 
     </span>
     <span class='ocr_line' id='line_1_9' title="bbox 202 1345 1398 1430; baseline 0.001 -22"><span class='ocrx_word' id='word_1_66' title='bbox 202 1345 260 1427; x_wconf 90' lang='lat' dir='ltr'><strong>(A.</strong></span> <span class='ocrx_word' id='word_1_67' title='bbox 301 1346 395 1427; x_wconf 85' lang='lat'>1892)</span> <span class='ocrx_word' id='word_1_68' title='bbox 431 1366 465 1427; x_wconf 91' lang='lat' dir='ltr'><strong>p.</strong></span> <span class='ocrx_word' id='word_1_69' title='bbox 495 1363 563 1425; x_wconf 88' lang='lat'><strong>410</strong></span> <span class='ocrx_word' id='word_1_70' title='bbox 593 1367 668 1428; x_wconf 91' lang='lat' dir='ltr'><strong>sqq.</strong></span> <span class='ocrx_word' id='word_1_71' title='bbox 700 1348 966 1411; x_wconf 88' lang='lat' dir='ltr'><strong>demonstrantis</strong></span> <span class='ocrx_word' id='word_1_72' title='bbox 997 1368 1219 1430; x_wconf 85' lang='lat' dir='ltr'><strong>quaecunque</strong></span> <span class='ocrx_word' id='word_1_73' title='bbox 1250 1350 1294 1411; x_wconf 91' lang='lat' dir='ltr'><strong>de</strong></span> <span class='ocrx_word' id='word_1_74' title='bbox 1326 1346 1398 1411; x_wconf 85' lang='lat' dir='ltr'><strong>Silii</strong></span> 
     </span>
     <span class='ocr_line' id='line_1_10' title="bbox 204 1464 1399 1550; baseline 0.001 -23"><span class='ocrx_word' id='word_1_75' title='bbox 204 1464 476 1546; x_wconf 87' lang='lat' dir='ltr'><strong>Messalinaeque</strong></span> <span class='ocrx_word' id='word_1_76' title='bbox 497 1467 623 1548; x_wconf 90' lang='lat' dir='ltr'><strong>nuptiis</strong></span> <span class='ocrx_word' id='word_1_77' title='bbox 641 1487 661 1529; x_wconf 92' lang='lat' dir='ltr'><strong>a</strong></span> <span class='ocrx_word' id='word_1_78' title='bbox 681 1466 802 1529; x_wconf 90' lang='lat' dir='ltr'><strong>Tacito</strong></span> <span class='ocrx_word' id='word_1_79' title='bbox 822 1468 1002 1530; x_wconf 90' lang='lat' dir='ltr'><strong>traduntur</strong></span> <span class='ocrx_word' id='word_1_80' title='bbox 1014 1469 1117 1550; x_wconf 84' lang='lat' dir='ltr'><strong>sacta</strong></span> <span class='ocrx_word' id='word_1_81' title='bbox 1136 1488 1208 1531; x_wconf 90' lang='lat' dir='ltr'><strong>esse</strong></span> <span class='ocrx_word' id='word_1_82' title='bbox 1226 1486 1399 1549; x_wconf 89' lang='lat' dir='ltr'><strong>nunquam</strong></span> 
     </span>
     <span class='ocr_line' id='line_1_11' title="bbox 202 1584 1400 1667; baseline -0.001 -20"><span class='ocrx_word' id='word_1_83' title='bbox 202 1584 264 1647; x_wconf 91' lang='lat' dir='ltr'><strong>sed</strong></span> <span class='ocrx_word' id='word_1_84' title='bbox 296 1597 372 1648; x_wconf 84' lang='lat' dir='ltr'><strong>acta</strong></span> <span class='ocrx_word' id='word_1_85' title='bbox 402 1586 437 1647; x_wconf 94' lang='lat' dir='ltr'><strong>in</strong></span> <span class='ocrx_word' id='word_1_86' title='bbox 468 1605 569 1648; x_wconf 89' lang='lat' dir='ltr'><strong>scena</strong></span> <span class='ocrx_word' id='word_1_87' title='bbox 601 1586 759 1667; x_wconf 89' lang='lat' dir='ltr'><strong>quadam,</strong></span> <span class='ocrx_word' id='word_1_88' title='bbox 786 1586 967 1650; x_wconf 89' lang='lat' dir='ltr'><strong>Messalina</strong></span> <span class='ocrx_word' id='word_1_89' title='bbox 991 1588 1025 1649; x_wconf 96' lang='lat' dir='ltr'><strong>in</strong></span> <span class='ocrx_word' id='word_1_90' title='bbox 1049 1587 1154 1650; x_wconf 91' lang='lat' dir='ltr'><strong>hortis</strong></span> <span class='ocrx_word' id='word_1_91' title='bbox 1178 1586 1246 1648; x_wconf 91' lang='lat' dir='ltr'><strong>suis</strong></span> <span class='ocrx_word' id='word_1_92' title='bbox 1269 1593 1400 1667; x_wconf 91' lang='lat' dir='ltr'><strong>specta·</strong></span> 
     </span>
     <span class='ocr_line' id='line_1_12' title="bbox 202 1702 1399 1784; baseline -0.001 -18"><span class='ocrx_word' id='word_1_93' title='bbox 202 1702 317 1766; x_wconf 92' lang='lat' dir='ltr'><strong>culum</strong></span> <span class='ocrx_word' id='word_1_94' title='bbox 352 1703 477 1766; x_wconf 86' lang='lat' dir='ltr'><strong>edente</strong></span> <span class='ocrx_word' id='word_1_95' title='bbox 512 1722 580 1784; x_wconf 93' lang='lat' dir='ltr'><strong>quo</strong></span> <span class='ocrx_word' id='word_1_96' title='bbox 616 1703 751 1779; x_wconf 90' lang='lat' dir='ltr'><strong>Bacchi,</strong></span> <span class='ocrx_word' id='word_1_97' title='bbox 789 1704 967 1779; x_wconf 89' lang='lat' dir='ltr'><strong>Ariadnes,</strong></span> <span class='ocrx_word' id='word_1_98' title='bbox 1004 1704 1156 1780; x_wconf 88' lang='lat' dir='ltr'><strong>Penthei,</strong></span> <span class='ocrx_word' id='word_1_99' title='bbox 1192 1704 1399 1767; x_wconf 86' lang='lat' dir='ltr'><strong>Baccharum</strong></span> 
     </span>
     <span class='ocr_line' id='line_1_13' title="bbox 204 1822 1099 1906; baseline 0 -20"><span class='ocrx_word' id='word_1_100' title='bbox 204 1822 358 1906; x_wconf 92' lang='lat' dir='ltr'><strong>partibus</strong></span> <span class='ocrx_word' id='word_1_101' title='bbox 382 1823 443 1885; x_wconf 89' lang='lat' dir='ltr'><strong>viri</strong></span> <span class='ocrx_word' id='word_1_102' title='bbox 468 1822 692 1903; x_wconf 90' lang='lat' dir='ltr'><strong>mulieresque</strong></span> <span class='ocrx_word' id='word_1_103' title='bbox 717 1823 936 1904; x_wconf 84' lang='lat' dir='ltr'><strong>fungerentur</strong></span> <span class='ocrx_word' id='word_1_104' title='bbox 958 1823 1099 1887; x_wconf 93' lang='lat' dir='ltr'><strong>nobiles.</strong></span> 
     </span>
    </p>

    <p class='ocr_par' dir='ltr' id='par_1_3' title="bbox 203 1941 1402 2243">
     <span class='ocr_line' id='line_1_14' title="bbox 250 1941 1401 2023; baseline -0.003 -19"><span class='ocrx_word' id='word_1_105' title='bbox 250 1941 304 2004; x_wconf 93' lang='lat' dir='ltr'><strong>De</strong></span> <span class='ocrx_word' id='word_1_106' title='bbox 331 1950 407 2003; x_wconf 89' lang='lat' dir='ltr'><strong>toto</strong></span> <span class='ocrx_word' id='word_1_107' title='bbox 431 1948 546 2003; x_wconf 86' lang='lat' dir='ltr'><strong>autem</strong></span> <span class='ocrx_word' id='word_1_108' title='bbox 569 1942 706 2023; x_wconf 85' lang='lat' dir='ltr'><strong>navigio</strong></span> <span class='ocrx_word' id='word_1_109' title='bbox 731 1943 797 2005; x_wconf 93' lang='lat' dir='ltr'><strong>isto</strong></span> <span class='ocrx_word' id='word_1_110' title='bbox 820 1943 947 2005; x_wconf 85' lang='lat' dir='ltr'><strong>nefario</strong></span> <span class='ocrx_word' id='word_1_111' title='bbox 970 1943 1062 2005; x_wconf 91' lang='lat' dir='ltr'><strong>idem</strong></span> <span class='ocrx_word' id='word_1_112' title='bbox 1085 1942 1304 2005; x_wconf 89' lang='lat' dir='ltr'><strong>statuendum</strong></span> <span class='ocrx_word' id='word_1_113' title='bbox 1328 1959 1401 2002; x_wconf 90' lang='lat' dir='ltr'><strong>esse</strong></span> 
     </span>
     <span class='ocr_line' id='line_1_15' title="bbox 203 2059 1402 2144; baseline -0.003 -20"><span class='ocrx_word' id='word_1_114' title='bbox 203 2062 331 2124; x_wconf 86' lang='lat' dir='ltr'><strong>invitus</strong></span> <span class='ocrx_word' id='word_1_115' title='bbox 364 2068 507 2123; x_wconf 87' lang='lat' dir='ltr'><strong>testatur</strong></span> <span class='ocrx_word' id='word_1_116' title='bbox 539 2060 605 2123; x_wconf 93' lang='lat' dir='ltr'><strong>Dio</strong></span> <span class='ocrx_word' id='word_1_117' title='bbox 637 2059 771 2125; x_wconf 88' lang='lat' dir='ltr'><strong>Cassius</strong></span> <span class='ocrx_word' id='word_1_118' title='bbox 803 2061 1020 2144; x_wconf 90' lang='lat' dir='ltr'><strong>(Xiphilinus)</strong></span> <span class='ocrx_word' id='word_1_119' title='bbox 1053 2062 1092 2125; x_wconf 93' lang='lat' dir='ltr'><strong>L.</strong></span> <span class='ocrx_word' id='word_1_120' title='bbox 1126 2061 1207 2124; x_wconf 93' lang='lat' dir='ltr'><strong>LXI</strong></span> <span class='ocrx_word' id='word_1_121' title='bbox 1234 2080 1263 2122; x_wconf 94' lang='lat' dir='ltr'><strong>c.</strong></span> <span class='ocrx_word' id='word_1_122' title='bbox 1290 2074 1330 2140; x_wconf 88' lang='lat'><strong>59</strong></span> <span class='ocrx_word' id='word_1_123' title='bbox 1354 2059 1402 2121; x_wconf 90' lang='lat' dir='ltr'><strong>ita</strong></span> 
     </span>
     <span class='ocr_line' id='line_1_16' title="bbox 205 2200 360 2243; baseline -0.013 0"><span class='ocrx_word' id='word_1_124' title='bbox 205 2200 360 2243; x_wconf 90' lang='lat' dir='ltr'><strong>narrans:</strong></span> 
     </span>
    </p>
   </div>
   <div class='ocr_carea' id='block_1_3' title="bbox 254 2295 1402 2381">
    <p class='ocr_par' dir='ltr' id='par_1_4' title="bbox 254 2295 1402 2381">
     <span class='ocr_line' id='line_1_17' title="bbox 254 2295 1402 2381; baseline -0.003 -19"><span class='ocrx_word' id='word_1_125' title='bbox 254 2296 322 2362; x_wconf 74' lang='grc' dir='ltr'><strong>ἐπεὶ</strong></span> <span class='ocrx_word' id='word_1_126' title='bbox 352 2295 383 2360; x_wconf 74' lang='grc' dir='ltr'><strong>δὲ</strong></span> <span class='ocrx_word' id='word_1_127' title='bbox 406 2297 442 2360; x_wconf 80' lang='grc' dir='ltr'><strong>ἐκ</strong></span> <span class='ocrx_word' id='word_1_128' title='bbox 465 2301 519 2360; x_wconf 87' lang='grc' dir='ltr'><strong>τοῦ</strong></span> <span class='ocrx_word' id='word_1_129' title='bbox 544 2301 722 2377; x_wconf 70' lang='grc' dir='ltr'><em>προφανοῦς</em></span> <span class='ocrx_word' id='word_1_130' title='bbox 746 2295 854 2361; x_wconf 80' lang='grc' dir='ltr'><strong><em>ὤκνουν</em></strong></span> <span class='ocrx_word' id='word_1_131' title='bbox 879 2299 913 2381; x_wconf 90' lang='lat' dir='ltr'><strong>(ii</strong></span> <span class='ocrx_word' id='word_1_132' title='bbox 938 2301 995 2381; x_wconf 89' lang='lat' dir='ltr'><strong>qui</strong></span> <span class='ocrx_word' id='word_1_133' title='bbox 1021 2298 1150 2362; x_wconf 89' lang='lat' dir='ltr'><strong>Neroni</strong></span> <span class='ocrx_word' id='word_1_134' title='bbox 1176 2296 1291 2360; x_wconf 89' lang='lat' dir='ltr'><strong>matris</strong></span> <span class='ocrx_word' id='word_1_135' title='bbox 1314 2297 1402 2359; x_wconf 90' lang='lat' dir='ltr'><strong>occi·</strong></span> 
     </span>
    </p>
   </div>
   <div class='ocr_carea' id='block_1_4' title="bbox 203 2412 1405 4388">
    <p class='ocr_par' dir='ltr' id='par_1_5' title="bbox 203 2412 1404 2977">
     <span class='ocr_line' id='line_1_18' title="bbox 209 2412 1401 2500; baseline -0.004 -18"><span class='ocrx_word' id='word_1_136' title='bbox 209 2419 344 2482; x_wconf 92' lang='lat' dir='ltr'><strong>dendae</strong></span> <span class='ocrx_word' id='word_1_137' title='bbox 369 2418 536 2481; x_wconf 87' lang='lat' dir='ltr'><strong>dederant</strong></span> <span class='ocrx_word' id='word_1_138' title='bbox 559 2418 750 2500; x_wconf 88' lang='lat' dir='ltr'><strong>consilium)</strong></span> <span class='ocrx_word' id='word_1_139' title='bbox 772 2417 807 2481; x_wconf 78' lang='grc' dir='ltr'><strong>τὸ</strong></span> <span class='ocrx_word' id='word_1_140' title='bbox 831 2415 918 2497; x_wconf 74' lang='grc' dir='ltr'><em>ἔργον</em></span> <span class='ocrx_word' id='word_1_141' title='bbox 943 2417 996 2481; x_wconf 75' lang='grc' dir='ltr'><strong>καὶ</strong></span> <span class='ocrx_word' id='word_1_142' title='bbox 1021 2415 1128 2498; x_wconf 81' lang='grc' dir='ltr'><em>κρύφα</em></span> <span class='ocrx_word' id='word_1_143' title='bbox 1153 2414 1203 2480; x_wconf 77' lang='grc' dir='ltr'><em>διθο</em></span> <span class='ocrx_word' id='word_1_144' title='bbox 1222 2412 1401 2495; x_wconf 81' lang='grc' dir='ltr'><em>Φαρμθκαν</em></span> 
     </span>
     <span class='ocr_line' id='line_1_19' title="bbox 205 2530 1403 2620; baseline -0.003 -19"><span class='ocrx_word' id='word_1_145' title='bbox 205 2540 260 2602; x_wconf 81' lang='grc' dir='ltr'><strong>οὐκ</strong></span> <span class='ocrx_word' id='word_1_146' title='bbox 284 2530 372 2617; x_wconf 77' lang='grc' dir='ltr'><em>εἶχον</em></span> <span class='ocrx_word' id='word_1_147' title='bbox 396 2535 495 2608; x_wconf 75' lang='grc' dir='ltr'><em>αὐτην</em></span> <span class='ocrx_word' id='word_1_148' title='bbox 522 2536 645 2601; x_wconf 80' lang='grc' dir='ltr'><em>οένελεῖν</em></span> <span class='ocrx_word' id='word_1_149' title='bbox 671 2534 790 2620; x_wconf 79' lang='grc' dir='ltr'><em>(τοθντα</em></span> <span class='ocrx_word' id='word_1_150' title='bbox 814 2536 876 2617; x_wconf 76' lang='grc' dir='ltr'><strong>γοὶρ</strong></span> <span class='ocrx_word' id='word_1_151' title='bbox 901 2536 1000 2612; x_wconf 78' lang='grc' dir='ltr'><em>ἐκείνη</em></span> <span class='ocrx_word' id='word_1_152' title='bbox 1021 2538 1155 2618; x_wconf 79' lang='grc' dir='ltr'><em>ἰσχυρῶς</em></span> <span class='ocrx_word' id='word_1_153' title='bbox 1177 2533 1403 2618; x_wconf 71' lang='grc' dir='ltr'><em>ἐφυλάσσετο),</em></span> 
     </span>
     <span class='ocr_line' id='line_1_20' title="bbox 206 2652 1404 2737; baseline -0.003 -17"><span class='ocrx_word' id='word_1_154' title='bbox 206 2661 283 2721; x_wconf 84' lang='grc' dir='ltr'><em>ναῦν</em></span> <span class='ocrx_word' id='word_1_155' title='bbox 316 2655 430 2726; x_wconf 76' lang='grc' dir='ltr'><em>ἱδθντες</em></span> <span class='ocrx_word' id='word_1_156' title='bbox 462 2657 493 2720; x_wconf 82' lang='grc' dir='ltr'><strong>ἕν</strong></span> <span class='ocrx_word' id='word_1_157' title='bbox 525 2658 568 2735; x_wconf 79' lang='grc' dir='ltr'><strong>τῷ</strong></span> <span class='ocrx_word' id='word_1_158' title='bbox 600 2655 715 2737; x_wconf 71' lang='grc' dir='ltr'><em>θεάτρῳ</em></span> <span class='ocrx_word' id='word_1_159' title='bbox 741 2656 942 2734; x_wconf 77' lang='grc' dir='ltr'><em>διαλυομένην</em></span> <span class='ocrx_word' id='word_1_160' title='bbox 966 2681 1002 2721; x_wconf 87' lang='grc' dir='ltr'><strong>τε</strong></span> <span class='ocrx_word' id='word_1_161' title='bbox 1027 2658 1124 2730; x_wconf 80' lang='grc' dir='ltr'><em>αὐτην</em></span> <span class='ocrx_word' id='word_1_162' title='bbox 1150 2655 1203 2735; x_wconf 77' lang='grc' dir='ltr'><strong>ἐφ’</strong></span> <span class='ocrx_word' id='word_1_163' title='bbox 1228 2655 1324 2726; x_wconf 75' lang='grc' dir='ltr'><em>αὐτῆς</em></span> <span class='ocrx_word' id='word_1_164' title='bbox 1350 2652 1404 2718; x_wconf 83' lang='grc' dir='ltr'><strong>καθ</strong></span> 
     </span>
     <span class='ocr_line' id='line_1_21' title="bbox 203 2772 1404 2857; baseline -0.002 -16"><span class='ocrx_word' id='word_1_165' title='bbox 203 2800 277 2842; x_wconf 87' lang='grc' dir='ltr'><em>τινα</em></span> <span class='ocrx_word' id='word_1_166' title='bbox 297 2775 384 2857; x_wconf 80' lang='grc' dir='ltr'><em>θηρία</em></span> <span class='ocrx_word' id='word_1_167' title='bbox 405 2777 558 2856; x_wconf 77' lang='grc' dir='ltr'><em>ιῖΦιεῑσαν</em></span> <span class='ocrx_word' id='word_1_168' title='bbox 578 2775 631 2840; x_wconf 73' lang='grc' dir='ltr'><strong>καὶ</strong></span> <span class='ocrx_word' id='word_1_169' title='bbox 653 2777 882 2854; x_wconf 77' lang='grc' dir='ltr'><em>συνισταμένην</em></span> <span class='ocrx_word' id='word_1_170' title='bbox 903 2772 943 2842; x_wconf 80' lang='grc' dir='ltr'><strong>αὖ</strong></span> <span class='ocrx_word' id='word_1_171' title='bbox 964 2776 1062 2842; x_wconf 80' lang='grc' dir='ltr'><em>τθλιν</em></span> <span class='ocrx_word' id='word_1_172' title='bbox 1082 2775 1161 2843; x_wconf 74' lang='grc' dir='ltr'><em>ὥστε</em></span> <span class='ocrx_word' id='word_1_173' title='bbox 1181 2775 1233 2841; x_wconf 73' lang='grc' dir='ltr'><strong>καὶ</strong></span> <span class='ocrx_word' id='word_1_174' title='bbox 1249 2776 1404 2857; x_wconf 74' lang='grc' dir='ltr'><em>ἐρρῶσθαι,</em></span> 
     </span>
     <span class='ocr_line' id='line_1_22' title="bbox 204 2895 934 2977; baseline 0.001 -16"><span class='ocrx_word' id='word_1_175' title='bbox 204 2895 353 2971; x_wconf 83' lang='grc' dir='ltr'><em>τοιαύτην</em></span> <span class='ocrx_word' id='word_1_176' title='bbox 378 2896 485 2977; x_wconf 79' lang='grc' dir='ltr'><em>ἑτέραν</em></span> <span class='ocrx_word' id='word_1_177' title='bbox 508 2895 636 2977; x_wconf 81' lang='grc' dir='ltr'><em>ταχέας</em></span> <span class='ocrx_word' id='word_1_178' title='bbox 662 2897 934 2974; x_wconf 75' lang='grc' dir='ltr'><em>ἕναυτηγησαντο.</em></span> 
     </span>
    </p>

    <p class='ocr_par' dir='ltr' id='par_1_6' title="bbox 207 3016 1405 4388">
     <span class='ocr_line' id='line_1_23' title="bbox 253 3016 1403 3100; baseline -0.003 -20"><span class='ocrx_word' id='word_1_179' title='bbox 253 3017 313 3092; x_wconf 89' lang='lat' dir='ltr'><strong>At,</strong></span> <span class='ocrx_word' id='word_1_180' title='bbox 337 3038 359 3080; x_wconf 94' lang='lat' dir='ltr'><strong>o</strong></span> <span class='ocrx_word' id='word_1_181' title='bbox 384 3017 485 3091; x_wconf 87' lang='lat' dir='ltr'><strong>bone,</strong></span> <span class='ocrx_word' id='word_1_182' title='bbox 517 3036 586 3079; x_wconf 92' lang='lat' dir='ltr'><strong>non</strong></span> <span class='ocrx_word' id='word_1_183' title='bbox 613 3017 752 3091; x_wconf 91' lang='lat' dir='ltr'><strong>Neroni,</strong></span> <span class='ocrx_word' id='word_1_184' title='bbox 778 3017 969 3100; x_wconf 89' lang='lat' dir='ltr'><strong>Poppaeae,</strong></span> <span class='ocrx_word' id='word_1_185' title='bbox 995 3016 1145 3082; x_wconf 89' lang='lat' dir='ltr'><strong>Senecae</strong></span> <span class='ocrx_word' id='word_1_186' title='bbox 1170 3018 1295 3098; x_wconf 85' lang='lat' dir='ltr'><strong>navigii</strong></span> <span class='ocrx_word' id='word_1_187' title='bbox 1319 3024 1403 3078; x_wconf 91' lang='lat' dir='ltr'><strong>stru-</strong></span> 
     </span>
     <span class='ocr_line' id='line_1_24' title="bbox 207 3136 1404 3218; baseline -0.003 -18"><span class='ocrx_word' id='word_1_188' title='bbox 207 3137 287 3201; x_wconf 90' lang='lat' dir='ltr'><strong>endi</strong></span> <span class='ocrx_word' id='word_1_189' title='bbox 320 3136 498 3199; x_wconf 89' lang='lat' dir='ltr'><strong>consilium</strong></span> <span class='ocrx_word' id='word_1_190' title='bbox 527 3136 672 3198; x_wconf 90' lang='lat' dir='ltr'><strong>subiecit</strong></span> <span class='ocrx_word' id='word_1_191' title='bbox 696 3137 785 3199; x_wconf 87' lang='lat' dir='ltr'><strong>istud</strong></span> <span class='ocrx_word' id='word_1_192' title='bbox 809 3138 1050 3218; x_wconf 89' lang='lat' dir='ltr'><strong>spectaculum,</strong></span> <span class='ocrx_word' id='word_1_193' title='bbox 1075 3138 1134 3200; x_wconf 91' lang='lat' dir='ltr'><strong>sed</strong></span> <span class='ocrx_word' id='word_1_194' title='bbox 1165 3137 1274 3200; x_wconf 85' lang='lat' dir='ltr'><strong>Taciti</strong></span> <span class='ocrx_word' id='word_1_195' title='bbox 1295 3155 1339 3198; x_wconf 88' lang='lat' dir='ltr'><strong>ex</strong></span> <span class='ocrx_word' id='word_1_196' title='bbox 1362 3155 1404 3198; x_wconf 92' lang='lat' dir='ltr'><strong>eo</strong></span> 
     </span>
     <span class='ocr_line' id='line_1_25' title="bbox 209 3247 1405 3337; baseline -0.003 -18"><span class='ocrx_word' id='word_1_197' title='bbox 209 3264 291 3319; x_wconf 92' lang='lat' dir='ltr'><strong>nata</strong></span> <span class='ocrx_word' id='word_1_198' title='bbox 323 3263 374 3318; x_wconf 89' lang='lat' dir='ltr'><strong>est</strong></span> <span class='ocrx_word' id='word_1_199' title='bbox 399 3256 558 3330; x_wconf 89' lang='lat' dir='ltr'><strong>narratio,</strong></span> <span class='ocrx_word' id='word_1_200' title='bbox 583 3254 638 3317; x_wconf 90' lang='lat' dir='ltr'><strong>vel</strong></span> <span class='ocrx_word' id='word_1_201' title='bbox 661 3247 774 3337; x_wconf 81' lang='lat' dir='ltr'><strong>potius</strong></span> <span class='ocrx_word' id='word_1_202' title='bbox 798 3256 978 3318; x_wconf 91' lang='lat' dir='ltr'><strong>rumusculi</strong></span> <span class='ocrx_word' id='word_1_203' title='bbox 1003 3257 1082 3318; x_wconf 93' lang='lat' dir='ltr'><strong>inde</strong></span> <span class='ocrx_word' id='word_1_204' title='bbox 1107 3256 1171 3317; x_wconf 91' lang='lat' dir='ltr'><strong>orti</strong></span> <span class='ocrx_word' id='word_1_205' title='bbox 1196 3264 1274 3317; x_wconf 91' lang='lat' dir='ltr'><strong>sunt</strong></span> <span class='ocrx_word' id='word_1_206' title='bbox 1298 3275 1405 3336; x_wconf 90' lang='lat' dir='ltr'><strong>popu·</strong></span> 
     </span>
     <span class='ocr_line' id='line_1_26' title="bbox 208 3372 1404 3458; baseline -0.002 -21"><span class='ocrx_word' id='word_1_207' title='bbox 208 3375 306 3450; x_wconf 89' lang='lat' dir='ltr'><strong>lares,</strong></span> <span class='ocrx_word' id='word_1_208' title='bbox 339 3375 462 3456; x_wconf 92' lang='lat' dir='ltr'><strong>quibus</strong></span> <span class='ocrx_word' id='word_1_209' title='bbox 491 3392 608 3437; x_wconf 91' lang='lat' dir='ltr'><strong>aurem</strong></span> <span class='ocrx_word' id='word_1_210' title='bbox 639 3373 795 3455; x_wconf 86' lang='lat' dir='ltr'><strong>praebuit</strong></span> <span class='ocrx_word' id='word_1_211' title='bbox 819 3373 968 3436; x_wconf 88' lang='lat' dir='ltr'><strong>Tacitus.</strong></span> <span class='ocrx_word' id='word_1_212' title='bbox 991 3372 1152 3458; x_wconf 90' lang='lat' dir='ltr'><strong>Suspicor</strong></span> <span class='ocrx_word' id='word_1_213' title='bbox 1174 3382 1289 3436; x_wconf 90' lang='lat' dir='ltr'><strong>autem</strong></span> <span class='ocrx_word' id='word_1_214' title='bbox 1313 3374 1404 3455; x_wconf 79' lang='lat' dir='ltr'><strong>(nam</strong></span> 
     </span>
     <span class='ocr_line' id='line_1_27' title="bbox 208 3493 1405 3576; baseline 0 -20"><span class='ocrx_word' id='word_1_215' title='bbox 208 3495 285 3576; x_wconf 90' lang='lat' dir='ltr'><strong>quis</strong></span> <span class='ocrx_word' id='word_1_216' title='bbox 317 3494 350 3555; x_wconf 90' lang='lat' dir='ltr'><strong>in</strong></span> <span class='ocrx_word' id='word_1_217' title='bbox 382 3501 479 3556; x_wconf 89' lang='lat' dir='ltr'><strong>tanta</strong></span> <span class='ocrx_word' id='word_1_218' title='bbox 506 3513 618 3555; x_wconf 90' lang='lat' dir='ltr'><strong>rerum</strong></span> <span class='ocrx_word' id='word_1_219' title='bbox 642 3493 898 3575; x_wconf 88' lang='lat' dir='ltr'><strong>perturbatione</strong></span> <span class='ocrx_word' id='word_1_220' title='bbox 923 3513 985 3574; x_wconf 90' lang='lat' dir='ltr'><strong>pro</strong></span> <span class='ocrx_word' id='word_1_221' title='bbox 1009 3501 1102 3555; x_wconf 88' lang='lat' dir='ltr'><strong>certo</strong></span> <span class='ocrx_word' id='word_1_222' title='bbox 1126 3493 1314 3574; x_wconf 90' lang='lat' dir='ltr'><strong>quidquam</strong></span> <span class='ocrx_word' id='word_1_223' title='bbox 1338 3501 1405 3556; x_wconf 90' lang='lat' dir='ltr'><strong>sta·</strong></span> 
     </span>
     <span class='ocr_line' id='line_1_28' title="bbox 207 3611 1404 3694; baseline -0.002 -18"><span class='ocrx_word' id='word_1_224' title='bbox 207 3621 282 3676; x_wconf 90' lang='lat' dir='ltr'><strong>tuat</strong></span> <span class='ocrx_word' id='word_1_225' title='bbox 290 3611 313 3694; x_wconf 84' lang='lat' dir='ltr'><strong>l)</strong></span> <span class='ocrx_word' id='word_1_226' title='bbox 339 3612 540 3694; x_wconf 91' lang='lat' dir='ltr'><strong>Vespasiani</strong></span> <span class='ocrx_word' id='word_1_227' title='bbox 565 3611 634 3674; x_wconf 84' lang='lat' dir='ltr'><strong>sere</strong></span> <span class='ocrx_word' id='word_1_228' title='bbox 654 3619 810 3694; x_wconf 91' lang='lat' dir='ltr'><strong>tempore</strong></span> <span class='ocrx_word' id='word_1_229' title='bbox 831 3613 864 3673; x_wconf 91' lang='lat' dir='ltr'><strong>in</strong></span> <span class='ocrx_word' id='word_1_230' title='bbox 884 3631 986 3674; x_wconf 93' lang='lat' dir='ltr'><strong>scena</strong></span> <span class='ocrx_word' id='word_1_231' title='bbox 1006 3619 1118 3673; x_wconf 87' lang='lat' dir='ltr'><strong>actam</strong></span> <span class='ocrx_word' id='word_1_232' title='bbox 1138 3631 1211 3674; x_wconf 91' lang='lat' dir='ltr'><strong>esse</strong></span> <span class='ocrx_word' id='word_1_233' title='bbox 1231 3613 1273 3674; x_wconf 93' lang='lat' dir='ltr'><strong>de</strong></span> <span class='ocrx_word' id='word_1_234' title='bbox 1295 3621 1404 3674; x_wconf 90' lang='lat' dir='ltr'><strong>morte</strong></span> 
     </span>
     <span class='ocr_line' id='line_1_29' title="bbox 207 3728 1405 3813; baseline -0.003 -19"><span class='ocrx_word' id='word_1_235' title='bbox 207 3731 423 3813; x_wconf 83' lang='lat' dir='ltr'><strong>Agrippinae</strong></span> <span class='ocrx_word' id='word_1_236' title='bbox 457 3729 606 3793; x_wconf 84' lang='lat' dir='ltr'><strong>fabulam</strong></span> <span class='ocrx_word' id='word_1_237' title='bbox 637 3750 680 3793; x_wconf 87' lang='lat' dir='ltr'><strong>ex</strong></span> <span class='ocrx_word' id='word_1_238' title='bbox 712 3751 753 3793; x_wconf 93' lang='lat' dir='ltr'><strong>eo</strong></span> <span class='ocrx_word' id='word_1_239' title='bbox 784 3749 908 3811; x_wconf 87' lang='lat' dir='ltr'><strong>genere</strong></span> <span class='ocrx_word' id='word_1_240' title='bbox 939 3730 1031 3811; x_wconf 93' lang='lat' dir='ltr'><strong>quod</strong></span> <span class='ocrx_word' id='word_1_241' title='bbox 1064 3728 1218 3791; x_wconf 93' lang='lat' dir='ltr'><strong>hodierni</strong></span> <span class='ocrx_word' id='word_1_242' title='bbox 1250 3729 1405 3792; x_wconf 91' lang='lat' dir='ltr'><strong>homines</strong></span> 
     </span>
     <span class='ocr_line' id='line_1_30' title="bbox 211 3847 1405 3931; baseline 0 -20"><span class='ocrx_word' id='word_1_243' title='bbox 211 3847 461 3929; x_wconf 84' lang='lat' dir='ltr'><strong>‚melodrama”</strong></span> <span class='ocrx_word' id='word_1_244' title='bbox 493 3848 677 3931; x_wconf 86' lang='lat' dir='ltr'><strong>appellant,</strong></span> <span class='ocrx_word' id='word_1_245' title='bbox 710 3850 743 3910; x_wconf 96' lang='lat' dir='ltr'><strong>in</strong></span> <span class='ocrx_word' id='word_1_246' title='bbox 774 3869 841 3931; x_wconf 92' lang='lat' dir='ltr'><strong>qua</strong></span> <span class='ocrx_word' id='word_1_247' title='bbox 864 3858 899 3911; x_wconf 91' lang='lat' dir='ltr'><strong>et</strong></span> <span class='ocrx_word' id='word_1_248' title='bbox 923 3849 1095 3929; x_wconf 83' lang='lat' dir='ltr'><strong>navigium</strong></span> <span class='ocrx_word' id='word_1_249' title='bbox 1118 3848 1335 3912; x_wconf 87' lang='lat' dir='ltr'><strong>exhiberetur</strong></span> <span class='ocrx_word' id='word_1_250' title='bbox 1360 3849 1405 3912; x_wconf 92' lang='lat' dir='ltr'><strong>illi</strong></span> 
     </span>
     <span class='ocr_line' id='line_1_31' title="bbox 207 3967 1404 4050; baseline 0.001 -20"><span class='ocrx_word' id='word_1_251' title='bbox 207 3967 317 4030; x_wconf 92' lang='lat' dir='ltr'><strong>simile</strong></span> <span class='ocrx_word' id='word_1_252' title='bbox 348 3967 441 4047; x_wconf 94' lang='lat' dir='ltr'><strong>quod</strong></span> <span class='ocrx_word' id='word_1_253' title='bbox 469 3974 571 4030; x_wconf 91' lang='lat' dir='ltr'><strong>antea</strong></span> <span class='ocrx_word' id='word_1_254' title='bbox 594 3968 628 4029; x_wconf 94' lang='lat' dir='ltr'><strong>in</strong></span> <span class='ocrx_word' id='word_1_255' title='bbox 654 3967 767 4048; x_wconf 86' lang='lat' dir='ltr'><strong>aliquo</strong></span> <span class='ocrx_word' id='word_1_256' title='bbox 791 3967 1044 4050; x_wconf 86' lang='lat' dir='ltr'><strong>amphitheatro</strong></span> <span class='ocrx_word' id='word_1_257' title='bbox 1068 3975 1261 4050; x_wconf 86' lang='lat' dir='ltr'><strong>spectatum</strong></span> <span class='ocrx_word' id='word_1_258' title='bbox 1285 3969 1404 4046; x_wconf 84' lang='lat' dir='ltr'><strong>suerat,</strong></span> 
     </span>
     <span class='ocr_line' id='line_1_32' title="bbox 208 4085 1405 4171; baseline 0 -23"><span class='ocrx_word' id='word_1_259' title='bbox 208 4087 299 4150; x_wconf 92' lang='lat' dir='ltr'><strong>illam</strong></span> <span class='ocrx_word' id='word_1_260' title='bbox 337 4094 451 4148; x_wconf 92' lang='lat' dir='ltr'><strong>autem</strong></span> <span class='ocrx_word' id='word_1_261' title='bbox 486 4085 636 4149; x_wconf 85' lang='lat' dir='ltr'><strong>fabulam</strong></span> <span class='ocrx_word' id='word_1_262' title='bbox 672 4087 824 4149; x_wconf 90' lang='lat' dir='ltr'><strong>tunicato</strong></span> <span class='ocrx_word' id='word_1_263' title='bbox 860 4087 997 4169; x_wconf 92' lang='lat' dir='ltr'><strong>popello</strong></span> <span class='ocrx_word' id='word_1_264' title='bbox 1028 4095 1208 4171; x_wconf 91' lang='lat' dir='ltr'><strong>tantopere</strong></span> <span class='ocrx_word' id='word_1_265' title='bbox 1240 4088 1405 4171; x_wconf 90' lang='lat' dir='ltr'><strong>placuisse</strong></span> 
     </span>
     <span class='ocr_line' id='line_1_33' title="bbox 210 4203 1405 4289; baseline -0.001 -22"><span class='ocrx_word' id='word_1_266' title='bbox 210 4206 385 4285; x_wconf 89' lang='lat' dir='ltr'><strong>mentique</strong></span> <span class='ocrx_word' id='word_1_267' title='bbox 417 4205 488 4266; x_wconf 91' lang='lat' dir='ltr'><strong>eius</strong></span> <span class='ocrx_word' id='word_1_268' title='bbox 519 4203 702 4267; x_wconf 91' lang='lat' dir='ltr'><strong>inhaesisse</strong></span> <span class='ocrx_word' id='word_1_269' title='bbox 733 4212 771 4266; x_wconf 92' lang='lat' dir='ltr'><strong>ut</strong></span> <span class='ocrx_word' id='word_1_270' title='bbox 802 4204 919 4286; x_wconf 93' lang='lat' dir='ltr'><strong>opinio</strong></span> <span class='ocrx_word' id='word_1_271' title='bbox 945 4206 1036 4268; x_wconf 90' lang='lat' dir='ltr'><strong>nasci</strong></span> <span class='ocrx_word' id='word_1_272' title='bbox 1062 4215 1177 4289; x_wconf 90' lang='lat' dir='ltr'><strong>posset</strong></span> <span class='ocrx_word' id='word_1_273' title='bbox 1201 4226 1318 4268; x_wconf 89' lang='lat' dir='ltr'><strong>revera</strong></span> <span class='ocrx_word' id='word_1_274' title='bbox 1341 4205 1405 4267; x_wconf 93' lang='lat' dir='ltr'><strong>hoc</strong></span> 
     </span>
     <span class='ocr_line' id='line_1_34' title="bbox 211 4323 1401 4388; baseline 0 -2"><span class='ocrx_word' id='word_1_275' title='bbox 211 4325 313 4386; x_wconf 91' lang='lat' dir='ltr'><strong>modo</strong></span> <span class='ocrx_word' id='word_1_276' title='bbox 335 4323 507 4385; x_wconf 89' lang='lat' dir='ltr'><strong>Neronem</strong></span> <span class='ocrx_word' id='word_1_277' title='bbox 529 4331 673 4386; x_wconf 89' lang='lat' dir='ltr'><strong>matrem</strong></span> <span class='ocrx_word' id='word_1_278' title='bbox 691 4342 787 4385; x_wconf 87' lang='lat' dir='ltr'><strong>suam</strong></span> <span class='ocrx_word' id='word_1_279' title='bbox 808 4324 850 4385; x_wconf 93' lang='lat' dir='ltr'><strong>de</strong></span> <span class='ocrx_word' id='word_1_280' title='bbox 871 4325 983 4388; x_wconf 90' lang='lat' dir='ltr'><strong>medio</strong></span> <span class='ocrx_word' id='word_1_281' title='bbox 1005 4325 1124 4388; x_wconf 92' lang='lat' dir='ltr'><strong>tollere</strong></span> <span class='ocrx_word' id='word_1_282' title='bbox 1145 4344 1217 4387; x_wconf 90' lang='lat' dir='ltr'><strong>esse</strong></span> <span class='ocrx_word' id='word_1_283' title='bbox 1232 4332 1401 4387; x_wconf 87' lang='lat' dir='ltr'><strong>conatum.</strong></span> 
     </span>
    </p>
   </div>
   <div class='ocr_carea' id='block_1_5' title="bbox 0 0 1620 5274">
    <p class='ocr_par' dir='ltr' id='par_1_7' title="bbox 0 0 1620 5274">
     <span class='ocr_line' id='line_1_35' title="bbox 0 0 1620 5274; baseline 0 0"><span class='ocrx_word' id='word_1_284' title='bbox 0 0 1620 5274; x_wconf 95' lang='lat' dir='ltr'><strong> </strong></span> 
     </span>
    </p>
   </div>
  </div>
 </body>
</html>
