3292 5280
771 1369 866 1432 XIV.

223 1609 275 1658 AD
298 1609 368 1658 SEX
392 1584 548 1658 PRIORES
569 1609 770 1658 ANNALIUM
792 1609 920 1657 LIBROS
943 1609 1238 1658 ANNOTATIONES
1261 1609 1412 1658 VARIAE.

268 1793 442 1856 Hactenus
477 1793 733 1856 observationes
770 1812 861 1854 meas
896 1792 1053 1855 Taciteas
1089 1793 1136 1854 ita
1169 1792 1350 1873 disponere
1382 1800 1416 1853 et

223 1914 379 1976 ordinare
412 1914 505 1995 potui
539 1922 576 1975 ut
606 1912 754 1995 capitula
786 1913 873 1975 bene
904 1912 1121 1975 cohaerentia
1153 1914 1195 1974 de
1221 1913 1320 1975 variis
1344 1932 1417 1975 nas·

224 2041 380 2095 cerentur
400 2033 616 2114 argumentis.
639 2033 748 2095 Maior
768 2052 856 2094 nunc
878 2042 981 2095 restat
1004 2053 1090 2114 pars,
1111 2053 1198 2114 quae
1219 2033 1310 2094 nullo
1329 2033 1417 2095 inter

224 2174 259 2215 se
291 2154 496 2216 cohaereant
521 2153 665 2216 vinculo.
692 2153 743 2214 Ne
768 2161 883 2215 tamen
907 2151 1060 2234 legentes
1084 2153 1198 2215 statim
1223 2153 1418 2234 longissima

225 2273 392 2334 variarum
416 2273 675 2335 annotationum
701 2272 872 2334 detineam
893 2273 988 2345 serie,
1011 2272 1156 2353 primum
1179 2292 1232 2334 me
1254 2273 1341 2334 intra
1361 2293 1420 2334 eos

226 2390 411 2454 Annalium
437 2392 620 2454 continebo
645 2391 758 2466 libros,
779 2392 835 2473 qui
858 2392 1148 2473 praestantissimo
1169 2401 1345 2454 servantur
1365 2412 1421 2454 co·

227 2511 302 2573 dice
335 2511 491 2574 Mediceo
517 2510 542 2572 Ι.
568 2510 634 2592 Qui
668 2532 744 2573 curn
777 2511 866 2574 lectu
891 2512 933 2573 sit
958 2510 1144 2585 facillimus
1170 2513 1420 2574 accuratissime

227 2632 371 2712 scriptus
402 2639 436 2692 et
464 2650 483 2692 a
507 2631 647 2692 summis
672 2630 851 2713 philologis
876 2630 1132 2711 diligentissime
1156 2651 1326 2705 excussae,
1353 2651 1420 2693 non

227 2751 273 2812 ita
305 2749 401 2813 multi
434 2749 504 2811 eius
536 2757 665 2812 restant
693 2748 769 2823 loci,
795 2751 851 2831 qui
877 2750 1026 2831 corrupti
1050 2759 1109 2811 aut
1132 2750 1336 2812 dubitationi
1362 2751 1421 2812 ob·

229 2869 320 2931 noxii
346 2868 451 2930 videri
477 2868 617 2949 possint.
640 2867 810 2930 Proferam
833 2877 948 2930 tamen
970 2888 1062 2930 meas
1082 2868 1333 2951 qualescunque
1353 2890 1422 2932 sus·

229 2990 389 3071 picione3‚
421 3008 507 3069 quae
532 2987 697 3050 hocloco
724 3008 790 3050 non
816 2988 915 3070 plane
941 2989 1100 3069 indignae
1125 2989 1204 3050 mihi
1230 2990 1321 3051 visae
1344 2990 1421 3064 sint,

230 3107 351 3189 quibus
386 3107 558 3169 exhaustis
592 3115 715 3188 sponte
751 3107 831 3168 mihi
868 3108 922 3168 via
958 3108 1000 3169 ad
1039 3127 1164 3169 novum
1198 3109 1261 3171 erit
1294 3110 1423 3171 munita

228 3235 474 3308 argumentum,
508 3226 599 3306 quod
633 3224 733 3306 paulo
763 3225 958 3308 diligentius
983 3236 1189 3307 pertractare
1215 3248 1281 3290 una
1304 3228 1424 3291 altera·

230 3366 294 3426 que
319 3345 596 3408 observationum
622 3364 772 3406 mearum
798 3344 912 3407 iubere
938 3346 1104 3408 videatur.

278 3464 424 3543 „Tiberii
448 3462 579 3544 Gaique
603 3471 638 3525 et
662 3462 793 3526 Claudii
814 3484 853 3526 ac
875 3464 1020 3527 Neronis
1044 3486 1104 3538 res,
1126 3464 1324 3528 florentibus
1344 3468 1425 3548 ipsis

232 3585 275 3648 ob
300 3593 428 3647 metum
453 3583 565 3658 falsae,
591 3592 772 3666 postquam
796 3584 992 3647 occiderant
1017 3585 1208 3648 recentibus
1228 3586 1314 3648 odiis
1335 3606 1425 3648 com-

233 3704 363 3787 positae
388 3702 499 3766 sunt.”

278 3825 372 3887 Haec
405 3844 468 3907 ego
500 3842 673 3904 nunquam
702 3843 915 3905 concoquere
941 3825 1048 3906 potui,
1073 3825 1132 3886 sed
1158 3825 1426 3908 quotiescunque

233 3943 385 4008 Annales
415 3943 527 4025 legere
559 3942 685 4024 incipio
716 3944 749 4004 in
781 3943 831 4005 his
863 3942 975 4006 verbis
1006 3944 1139 4006 haereo.
1170 3943 1286 4025 Atque
1310 3966 1427 4007 revera

235 4064 368 4128 molesti
389 4063 515 4144 aliquid
536 4064 656 4137 inesse,
678 4062 770 4143 quod
792 4061 913 4125 frustra
930 4083 1105 4126 removere
1119 4065 1161 4126 sit
1174 4072 1325 4138 conatus,
1340 4064 1427 4128 ultro

234 4185 361 4247 indicat
398 4181 626 4264 Nipperdeius
658 4181 722 4243 hac
754 4182 993 4244 annotatione:
1023 4183 1294 4266 „florentibus...
1312 4184 1431 4266 falsae

234 4305 275 4367 ist
296 4303 505 4385 Apposition
527 4323 567 4365 zu
587 4322 650 4375 res,
673 4302 740 4363 und
755 4302 872 4384 falsae
892 4302 1140 4383 (,‚versalscht”‚
1162 4303 1296 4366 obwohl
1317 4325 1352 4365 es
1369 4305 1429 4366 das

236 4420 402 4506 Adjektiv
423 4422 477 4504 ist)
497 4419 590 4482 steht
610 4420 643 4481 in
665 4421 781 4482 keiner
803 4421 1027 4502 Verbindung
1045 4423 1106 4483 mit
1119 4424 1430 4504 compositaesunt.”

1258 4554 1285 4590 11
