3210 5274
772 395 837 478 276

200 592 302 654 quarn
339 573 512 635 adiuvant.
549 571 678 655 Segnes
713 593 794 636 vero
831 571 935 656 quid?
966 572 1022 647 Vi,
1056 573 1165 646 minis,
1200 592 1314 654 poena

200 694 355 776 cogimus,
388 693 449 756 nisi
482 693 772 756 admonitionibus
803 695 926 757 nostris
956 713 1073 757 aurem
1103 693 1282 776 praebent.
1308 692 1396 774 Ergo

201 832 264 895 pro
296 821 442 876 coarcere
472 812 527 875 hic
557 834 672 896 cogere
702 812 788 895 lege.
814 814 899 876 Boni
924 814 1138 895 imperatoris
1162 820 1216 875 est
1240 811 1397 893 exemplo

203 932 344 994 incitare
363 952 494 1013 segnes,
515 941 582 1006 aut,
604 933 630 994 si
651 933 685 994 in
706 932 866 1014 exemplo
888 932 1045 1014 praesidii
1069 952 1190 1014 parum
1202 941 1265 1006 est,
1279 952 1400 1014 cogere,

203 1052 295 1134 quod
317 1052 364 1113 sic
384 1050 539 1114 absolute
560 1052 709 1134 positum
730 1053 866 1133 egregie
879 1072 957 1115 cum
970 1050 1026 1114 illo
1044 1051 1225 1133 ,exemplo
1239 1049 1399 1113 incitare”

204 1173 420 1254 coniungitur
442 1172 485 1234 ad
512 1179 620 1234 totam
646 1146 847 1254 Vespasiani
872 1173 1039 1234 rationem
1064 1172 1332 1255 depingendam.

252 1378 295 1440 H.
316 1379 358 1454 Il,
381 1380 433 1461 87.
460 1379 616 1441 Foedum
636 1379 725 1442 istud
747 1399 879 1461 agmen,
902 1399 970 1461 quo
984 1377 1143 1441 Vitellius
1163 1378 1285 1441 urbem
1306 1379 1404 1460 petit,

207 1506 242 1561 et
266 1498 340 1561 aliis
364 1498 474 1561 ethis
498 1499 701 1561 describitur
726 1498 858 1561 verbis:

256 1615 461 1699 „Sexaginta
481 1617 572 1680 milia
591 1625 799 1680 armatorum
819 1617 1060 1699 sequebantur,
1078 1617 1215 1679 licentia
1229 1624 1405 1698 corrupta;

207 1735 365 1799 calonum
397 1757 556 1800 numerus
587 1736 742 1819 amplior,
774 1723 1023 1819 procacissimis
1052 1738 1271 1822 etiam-inter
1293 1757 1409 1800 servos

208 1856 352 1919 lixarum
377 1855 555 1938 ingeniis.”

254 1975 346 2037 Vera
371 1975 468 2037 huius
491 1975 556 2038 loci
581 1976 719 2057 cognita
743 1975 891 2039 lectione
916 2012 959 2024 -·
983 1996 1062 2039 narn
1085 1977 1114 2038 si
1137 1975 1234 2050 ulluS,
1261 1976 1316 2038 hic
1340 1996 1409 2038 cer-

187 2094 339 2156 ·tissima
369 2102 421 2156 est
452 2094 693 2158 emendatione
726 2097 901 2159 restitutus
929 2131 973 2142 -
996 2097 1116 2159 doctas
1148 2095 1276 2158 ridebis
1305 2115 1410 2159 anno-

210 2215 367 2288 tationes,
393 2214 502 2296 qualis
525 2224 577 2278 est
601 2216 685 2278 haec
709 2216 799 2298 apud
826 2214 1009 2279 Orellium:

260 2333 383 2414 „Lixas
406 2334 531 2396 liberos
555 2334 709 2397 homines
733 2334 844 2409 fuisse,
869 2335 933 2398 rite
957 2335 1096 2417 colligas
1119 2354 1164 2397 ex
1187 2334 1281 2396 Ann.
1303 2335 1348 2409 II,
1368 2335 1409 2396 62

211 2454 347 2534 (citatur
378 2453 494 2535 locus).
527 2454 577 2516 At
606 2454 695 2517 lixae
718 2474 866 2536 quoque,
891 2463 928 2516 ut
951 2453 1007 2516 hic
1030 2455 1136 2528 vides,
1162 2454 1342 2535 mancipiis
1366 2454 1411 2516 ob

212 2572 314 2634 vilem
335 2583 513 2655 quaestum
534 2593 573 2636 ac
594 2592 706 2636 mores
726 2593 887 2655 procaces
903 2571 1245 2655 aequiparabantur.”
1269 2572 1409 2647 Verum,

212 2711 232 2754 o
255 2692 354 2767 bone,
376 2693 402 2754 si
423 2713 524 2756 sanus
544 2692 598 2755 hic
619 2692 722 2767 locus,
744 2712 812 2754 non
832 2693 1099 2775 aequiparantur
1119 2692 1299 2773 mancipiis
1310 2691 1410 2766 lixae,

212 2811 271 2873 sed
303 2811 404 2894 plane
435 2813 475 2875 iis
507 2813 783 2887 adnumerantur,
815 2821 991 2892 tamquam
1021 2811 1049 2873 si
1083 2811 1126 2873 de
1155 2810 1269 2873 servili
1293 2830 1411 2874 eorum

213 2939 303 2992 statu
338 2930 430 2993 nulla
465 2951 615 3013 unquam
651 2933 739 2994 inter
774 2930 930 2993 homines
959 2930 1058 2993 fuerit
1091 2900 1272 2993 dubitatio
1305 2930 1353 2992 Et
1384 2930 1410 2991 si

213 3051 420 3132 procacitate
454 3070 585 3112 morum
616 3070 751 3132 semper
782 3049 951 3113 vilissimis
981 3058 1059 3113 sunt
1090 3069 1189 3132 pares
1221 3050 1411 3131 mancipiis,

214 3168 304 3231 nulla
328 3178 379 3231 est
403 3170 436 3231 in
461 3169 602 3233 Vitellio
626 3169 735 3252 culpa,
760 3171 787 3232 si
813 3190 881 3233 non
907 3169 1169 3232 modestioribus
1192 3169 1232 3231 iis
1257 3188 1337 3230 usus
1362 3176 1413 3230 est

215 3289 384 3350 ministris.
418 3289 525 3351 Vides
560 3309 578 3350 e
614 3290 740 3352 tradita
770 3288 918 3352 lectione
949 3288 1088 3363 nullum,
1122 3289 1248 3351 nedum
1280 3297 1412 3370 aptum,

211 3426 346 3469 sensum
371 3407 439 3469 ullo
465 3408 568 3469 modo
593 3406 725 3470 extrahi
750 3428 860 3490 posse,
886 3407 946 3470 sed
970 3408 1142 3471 lenissima
1166 3408 1412 3470 emendatione

212 3536 390 3589 revocatur
419 3526 453 3587 id
486 3527 579 3608 quod
604 3528 701 3589 unice
726 3528 760 3589 in
785 3527 875 3589 hunc
898 3526 1011 3589 locum
1036 3526 1229 3601 conveniat,
1255 3526 1290 3589 id
1315 3527 1410 3609 quod

210 3645 320 3726 ipsum
353 3644 575 3708 Vitellianum
607 3666 729 3727 agmen
761 3645 954 3728 legentibus
985 3635 1092 3728 ponat
1114 3654 1196 3709 ante
1219 3646 1350 3722 oculos,
1377 3647 1412 3709 id

212 3766 358 3845 denique
383 3766 475 3846 quod
501 3766 582 3847 quin
607 3786 626 3828 a
649 3765 771 3829 Tacito
796 3766 959 3848 scriptum
983 3766 1027 3828 sit
1051 3766 1195 3848 posthac
1219 3765 1287 3829 iam
1309 3787 1413 3830 nemo

212 3885 255 3946 sit
287 3885 511 3947 dubitaturus.
544 3885 608 3948 Pro
639 3886 738 3948 etiam
769 3887 857 3948 inter
888 3905 1001 3948 servos
1025 3884 1209 3966 legendum
1233 3894 1286 3948 est
1308 3887 1413 3950 etiam

213 4006 300 4067 inter
323 4025 452 4067 severas
467 4003 499 4086 1).
532 4004 585 4066 En
610 4006 682 4086 ipsa
708 4006 806 4068 nobis
831 4005 965 4068 reddita
990 4004 1100 4067 Taciti
1126 4008 1262 4067 manus!
1295 4005 1413 4070 Etiam

212 4123 245 4184 in
278 4142 396 4185 severo
429 4123 652 4204 modesteque
684 4124 802 4188 habito
834 4125 985 4188 exercitu
1016 4144 1178 4206 procaces
1200 4124 1291 4189 lixae
1314 4134 1395 4190 sunt
1405 4154 1413 4203 ;

252 4319 277 4383 r)
302 4320 551 4368 Praestantissimum
577 4322 788 4371 emendationem
813 4330 946 4386 acceptam
971 4321 1053 4370 resero
1079 4321 1226 4388 Leopoldio
1250 4338 1311 4373 meo
1330 4339 1412 4388 quem

215 4407 291 4453 toties
310 4407 371 4469 inni,
392 4416 418 4453 ut
438 4422 484 4468 par
501 4416 565 4471 erat,
585 4407 696 4458 laudavi.
