3210 5274
772 418 828 486 ¹95

208 594 246 658 19
264 578 297 639 in
317 580 508 642 narratione
529 582 571 643 de
590 581 876 644 tumultuantibus
896 580 1097 643 Pannonicis
1110 579 1301 660 legionibus
1315 580 1398 642 haec

203 695 363 778 legimus:

252 815 515 893 ,Acclamavere
534 819 693 900 (milites),
713 827 750 881 ut
769 819 855 881 filius
875 819 982 881 Blaesi
1003 818 1158 881 tribunus
1178 818 1347 901 legatione
1360 838 1399 880 ea

203 934 408 1017 fungeretur,
430 946 631 1020 peteretque
652 938 814 1001 militibus
835 939 1027 1001 missionem
1050 939 1094 1000 ab
1107 939 1256 1000 sedecim
1269 937 1399 1001 annis'’

250 1055 294 1117 Et
314 1057 426 1138 capite
448 1058 500 1137 36,
522 1057 578 1120 ubi
599 1058 709 1138 agitur
730 1059 772 1120 de
787 1058 999 1121 discordibus
1012 1057 1204 1120 Germanici
1219 1057 1399 1120 militibus:

251 1173 446 1252 ,Placitum
471 1185 508 1239 ut
532 1177 697 1259 epistolae
722 1178 859 1239 nomine
885 1178 1046 1258 principis
1066 1158 1302 1251 scriberenturss
1324 1177 1400 1238 mis·

202 1295 333 1357 sionem
347 1297 419 1359 dari
432 1297 551 1359 vicena
563 1298 733 1380 stipendia
747 1299 891 1372 meritis;
906 1298 1133 1372 exauctorari,
1147 1297 1204 1379 qui
1217 1316 1298 1359 sena
1312 1297 1401 1359 dena

204 1414 392 1478 fecissent.'’

247 1535 332 1598 Cum
363 1544 564 1618 contemptu
589 1556 670 1618 ergo
694 1536 871 1599 abiicimus
895 1556 982 1618 quae
1009 1545 1125 1599 nostro
1150 1537 1262 1618 capite
1287 1536 1399 1599 verbis

203 1655 288 1719 male
300 1657 447 1720 consulta
459 1666 703 1720 annectuntur:
721 1659 863 1739 ,quibus
875 1658 1024 1720 sedecim
1037 1658 1285 1739 stipendiorum
1299 1658 1400 1720 tinem

204 1776 475 1857 expresserant.”
511 1775 595 1858 Quis
625 1778 715 1839 enirn
749 1798 816 1840 non
850 1778 952 1840 sentit
977 1777 1219 1839 absurdissimo
1245 1797 1399 1839 sermone

202 1896 338 1958 sedecim
361 1897 600 1978 stipendiorum
618 1897 721 1982 finem
746 1899 951 1980 expressisse
977 1896 1100 1960 milites
1124 1898 1200 1971 dici,
1227 1898 1283 1978 qui
1309 1897 1400 1979 flagi·

202 2022 359 2077 taverant
390 2025 424 2078 et
456 2016 502 2098 (id
535 2017 626 2098 quod
661 2037 749 2079 nunc
773 2018 912 2080 demum
936 2017 1110 2099 docemur)
1135 2017 1401 2098 impetraverant

203 2136 324 2210 etiam,
358 2144 394 2198 ut
424 2145 502 2218 post
533 2137 682 2199 sedecim
715 2138 886 2220 stipendia
918 2137 1061 2200 honesta
1093 2137 1230 2198 daretur
1262 2136 1400 2198 militiae

204 2252 339 2316 missio?
371 2254 455 2336 Quis
486 2275 554 2318 non
587 2255 745 2337 intelligit
777 2257 864 2320 male
893 2255 1041 2320 consulta
1074 2256 1198 2318 ducum
1223 2276 1305 2329 esse,
1332 2276 1400 2318 non

204 2374 369 2438 militum?

248 2494 291 2556 A.
314 2495 356 2568 Il,
384 2511 431 2558 12.
454 2496 607 2558 Instante
628 2496 758 2579 proelio
779 2496 999 2559 Germanicus
1012 2496 1242 2579 explorandos
1256 2495 1399 2558 militum

203 2615 334 2676 animos
359 2624 460 2690 ratus,
488 2635 599 2696 neque
620 2615 763 2677 tribunis
783 2615 1115 2697 centurionibusque,
1138 2635 1249 2697 neque
1270 2615 1400 2677 libertis

202 2734 387 2815 amicisque
409 2733 512 2796 fidem
533 2755 568 2796 se
590 2734 716 2796 habere
738 2754 836 2815 posse
858 2734 1025 2815 intelligit,
1047 2743 1167 2816 utpote
1187 2736 1245 2816 qui
1259 2734 1400 2797 laetiora

203 2873 305 2935 quam
332 2855 462 2917 veriora
487 2853 609 2916 referre
630 2853 772 2926 soleant,
794 2855 826 2915 in
849 2855 1009 2916 contione
1031 2875 1111 2916 vero
1131 2855 1234 2916 etiam
1257 2855 1401 2936 ignavis·

203 2973 305 3035 simos
331 2973 504 3055 pugnandi
528 2993 678 3036 amorem
704 2973 870 3036 simulare.
903 2971 993 3054 Quid
1019 2994 1099 3056 ergo
1123 2973 1224 3037 lacit?
1256 2975 1399 3057 Vesperi

203 3094 327 3155 assistit
359 3093 586 3155 tabernaculis
609 3113 714 3175 seque
739 3114 758 3155 a
783 3093 945 3155 militibus
969 3095 1124 3156 certatim
1149 3095 1277 3157 laudari
1303 3115 1400 3177 proe-

203 3211 352 3293 liumque
366 3212 425 3275 tali
439 3213 525 3275 duce
538 3213 654 3294 expeti
666 3213 771 3275 audit.
781 3211 877 3274 Illam
890 3220 1005 3274 autem
1019 3214 1218 3295 explorandi
1233 3216 1399 3277 rationem

204 3330 363 3413 elegerat,
387 3333 467 3412 quia
491 3353 687 3414 persuasum
712 3331 776 3394 sibi
801 3332 968 3394 habebat:

251 3452 407 3533 ,penitus
431 3453 620 3514 noscendas
641 3461 773 3514 mentes
794 3472 870 3514 cum
892 3453 1012 3514 secreti
1033 3458 1067 3513 et
1088 3452 1283 3515 incustoditi
1304 3473 1398 3534 spem

203 3578 261 3632 aut
286 3578 414 3632 metum
439 3569 661 3652 proferrent.''

248 3688 396 3771 Quando
409 3699 523 3753 autem
537 3692 570 3753 id
584 3689 709 3752 tiebat?
731 3690 864 3772 Nempe
878 3690 965 3752 inter
978 3710 1119 3753 coenam
1135 3699 1167 3753 et
1181 3691 1312 3773 pocula.
1331 3692 1399 3754 Res

205 3808 276 3890 ipsa
297 3810 421 3871 clamat
441 3818 475 3872 et
495 3830 641 3891 sequens
655 3811 802 3871 narratio
815 3809 903 3871 clare
917 3810 1139 3872 demonstrat.
1167 3811 1305 3873 Minime
1319 3831 1400 3893 ergo

206 3947 289 4009 opus
309 3928 443 3990 disertis
463 3929 497 3991 id
520 3928 573 3991 hic
585 3928 773 4009 significare
787 3928 913 4002 verbis;
931 3928 969 3988 iis
983 3949 1063 3990 vero
1077 3930 1188 3991 verbis
1201 3930 1398 4011 significare,

205 4066 290 4127 quae
316 4067 405 4109 nunc
430 4056 507 4129 post
532 4047 721 4110 incustoditi
744 4049 775 4108 in
797 4056 893 4109 textu
915 4045 1086 4127 leguntur:
1113 4049 1219 4125 ,inter
1240 4049 1399 4110 militares

206 4167 321 4230 cibos”
341 4167 617 4231 absurdissimum
640 4176 701 4229 est.
724 4168 768 4228 Et
789 4167 883 4228 locus
904 4175 937 4227 et
957 4187 1068 4229 sermo
1089 4177 1234 4248 arguunt
1247 4169 1400 4231 sciolum.

207 4285 365 4369 Suspicor
384 4296 499 4350 autem
520 4288 684 4351 militares
705 4288 784 4350 olim
805 4287 848 4348 ad
872 4298 999 4358 meretes,
1021 4287 1108 4349 inter
1128 4288 1212 4350 cibos
1225 4290 1267 4350 ad
1281 4288 1400 4350 ultima

208 4407 396 4469 sententiae
421 4407 587 4470 vocabula
611 4407 710 4470 luisse
734 4408 952 4487 adscriptum.

938 4798 1253 5069 ,fl
