3292 5280
789 373 854 435 226

271 549 325 614 Sic
339 560 390 613 est
404 551 437 614 in
452 553 586 627 codice;
602 573 664 635 pro
677 552 781 636 ipsius
793 560 908 615 autem
921 550 1002 613 satis
1014 549 1200 615 audacibus
1212 549 1418 612 coniecturis

227 669 431 734 Puteolanus
455 672 662 755 reipublicae,
684 672 837 736 Sirkerus
857 671 1072 754 imperatoris
1091 677 1327 753 reposuerunt.
1349 667 1416 732 Sed

227 790 309 853 nihil
335 793 507 876 pravitati
537 791 642 875 ipsius
672 792 860 874 elegantius
884 791 1079 874 opponitur,
1103 809 1207 872 quam
1232 788 1325 851 nuda
1349 808 1417 850 vox

218 911 381 993 fortuua;
398 918 489 974 recte
502 931 583 993 ergo
596 912 761 974 Ernestus
772 912 821 974 aa'
822 913 1004 995 fortunam
1017 909 1188 993 referebat
1198 908 1417 971 scribendum

225 1050 298 1092 esse
330 1031 457 1104 statuit,
490 1031 759 1114 magistelloque,
792 1032 849 1113 qui
883 1029 916 1092 in
951 1030 1102 1112 margine
1126 1029 1294 1112 appinxit,
1320 1046 1418 1090 suum

225 1151 289 1213 sibi
312 1152 417 1233 ipsius
441 1151 663 1214 reddendum.

270 1272 314 1334 A.
351 1271 446 1346 XIV,
485 1286 535 1352 54.
572 1270 719 1354 Cognito
754 1272 817 1334 sibi
853 1292 873 1334 a
907 1271 1116 1335 delatoribus
1150 1270 1289 1332 insidias
1324 1268 1418 1342 stmi,

227 1389 357 1454 Seneca
392 1390 598 1473 colloquium
634 1411 653 1454 a
690 1391 827 1455 Nerone
862 1392 949 1474 petit
984 1390 1231 1473 impetratque,
1267 1388 1301 1450 in
1337 1408 1419 1470 quo,

226 1531 349 1592 gnarus
373 1531 391 1573 e
416 1511 483 1573 suis
507 1510 644 1585 divitiis,
670 1511 834 1593 potentia,
859 1510 1076 1592 eloquentiae
1096 1507 1194 1584 lama,
1216 1508 1419 1590 praesertim

227 1630 413 1713 periculum
438 1630 501 1692 sibi
527 1630 619 1693 nasci
644 1639 678 1692 et
701 1630 768 1693 alia
792 1630 874 1693 dicit
899 1639 934 1692 et
959 1629 1062 1692 haec:

276 1769 370 1828 ,cum
402 1769 486 1831 opes
518 1769 611 1811 meas
643 1748 730 1811 ultra
760 1749 926 1811 sustinere
957 1769 1026 1812 non
1051 1749 1188 1831 possim,
1213 1747 1422 1830 praesidium

228 1876 326 1950 peto:
347 1869 460 1930 iuvere
480 1877 715 1950 procuratores
733 1877 810 1932 tuos
827 1868 1065 1944 administrari,
1084 1870 1118 1931 in
1136 1877 1231 1931 tuam
1250 1866 1422 1930 fortunam

229 1986 367 2069 recipi.”

274 2105 329 2170 Sic
361 2106 394 2168 in
426 2107 545 2169 codice
576 2126 596 2168 a
628 2107 736 2190 prima
769 2127 869 2170 manu
898 2116 960 2183 est,
988 2106 1095 2170 altera
1117 2107 1191 2170 iube
1213 2108 1363 2170 correxit
1387 2115 1422 2169 et

222 2241 288 2311 per
315 2228 458 2302 addidit,
486 2229 575 2305 unde
597 2248 685 2290 nunc
707 2228 905 2311 plerumque
927 2227 998 2291 iube
1019 2249 1088 2291 rem
1101 2246 1166 2309 per
1178 2239 1421 2310 procuratores

229 2359 301 2410 tuos
331 2346 570 2410 adeuinistrari
600 2347 721 2409 editur.
758 2347 957 2429 Elegantius
988 2346 1034 2409 illi
1067 2347 1126 2428 qui
1150 2347 1239 2409 istud
1264 2367 1336 2410 rem
1362 2346 1420 2430 (re)

229 2488 366 2549 quoque
391 2467 575 2541 eliminant,
597 2468 700 2548 quod,
722 2468 876 2550 proxime
896 2467 1124 2550 praecedente
1143 2479 1226 2551 opes,
1248 2467 1349 2550 plane
1370 2475 1420 2530 est

229 2606 493 2668 supervacuum;
518 2593 630 2648 utrum
654 2586 726 2649 iube
742 2599 807 2669 per
824 2599 1065 2671 procuratores
1087 2598 1159 2651 tuos
1181 2587 1422 2651 administrari

229 2727 272 2770 an
308 2705 379 2769 iube
406 2717 645 2788 procuratores
679 2717 751 2769 tuos
785 2706 1028 2769 adruinistrare
1060 2705 1236 2788 (Ritterus)
1268 2705 1421 2788 legamus

230 2846 348 2908 parum
381 2825 491 2899 refert,
523 2826 583 2887 sed
616 2824 697 2886 illud
729 2833 870 2908 propter
899 2844 1046 2906 sequens
1069 2825 1173 2907 recepi
1195 2824 1418 2898 verisimilius,

230 2966 308 3009 nam
320 2958 385 3029 per
401 2953 480 3008 ante
487 2956 727 3028 procuratores
739 2943 837 3007 facile
850 2945 1007 3007 excidere
1020 2944 1143 3026 potuit.
1157 2943 1229 3006 Iam
1243 2944 1423 3006 habemus:

233 3086 328 3146 „cum
350 3085 434 3147 opes
455 3085 546 3126 meas
567 3064 654 3126 ultra
674 3064 838 3126 sustinere
859 3084 927 3126 non
948 3064 1085 3146 possim,
1100 3063 1306 3145 praesidium
1321 3072 1420 3146 petoz

233 3185 330 3264 „iube
343 3205 404 3267 per
417 3192 650 3267 procuratores
664 3193 740 3246 tuos
752 3181 1012 3246 administrari.”
1031 3183 1214 3246 Poteratne
1227 3203 1281 3245 res
1293 3183 1420 3245 maiore

228 3304 420 3367 urbanitate
451 3302 653 3385 significari?
688 3303 782 3386 Opes
805 3323 881 3366 suas
906 3303 1036 3368 Seneca
1060 3302 1166 3365 tradit
1189 3301 1336 3376 Caesari,
1360 3302 1420 3365 sed

228 3446 296 3488 non
329 3426 433 3487 utitur
455 3424 568 3498 dandi,
594 3425 648 3487 vel
672 3424 819 3487 donandi
843 3424 964 3498 verbis,
989 3442 1077 3506 quae
1101 3430 1276 3505 tamquam
1302 3432 1421 3486 contu·

227 3547 343 3609 melias
366 3547 520 3628 accipere
543 3546 635 3608 Nero
655 3553 800 3628 poterat.
826 3545 872 3607 Et
892 3553 1016 3619 tamen,
1038 3544 1064 3606 si
1085 3564 1164 3607 suos
1184 3552 1421 3625 procuratores

227 3687 283 3729 eas
315 3667 550 3728 administrare
584 3665 695 3738 iubet,
737 3663 782 3726 nil
813 3664 904 3726 aliud
937 3683 1039 3746 quam
1072 3664 1164 3726 dono
1195 3683 1253 3727 eas
1284 3664 1420 3747 accipit.

227 3786 319 3867 Ergo
343 3805 420 3847 cum
445 3784 606 3867 loquendi
631 3784 824 3846 urbanitate
849 3802 1015 3845 summam
1040 3783 1148 3864 iungit
1172 3780 1304 3846 Seneca
1327 3803 1420 3846 acer·

226 3905 380 3967 bitatem.
418 3902 484 3965 Sed
519 3904 605 3984 perit
637 3923 738 3965 omne
770 3902 931 3965 orationis
961 3901 1151 3977 artificium,
1183 3902 1211 3964 si
1243 3911 1421 3984 praeterea

228 4025 356 4107 aliquid
389 4024 526 4086 additur
557 4022 664 4085 simile
690 4023 761 4085 istis
785 4023 818 4085 iu
842 4034 934 4085 tuam
951 4022 1133 4104 fortunam
1158 4021 1270 4105 recipi,
1296 4023 1421 4103 quibus

228 4145 308 4208 olim
342 4144 548 4225 magistellus
580 4143 761 4206 lectionem
785 4142 858 4205 iube
874 4154 940 4226 per
956 4152 1196 4224 procuratores
1218 4152 1291 4205 tuos
1313 4142 1421 4205 admi·

228 4265 375 4327 nistrari
402 4264 591 4326 illustravit.
629 4263 684 4325 An
716 4282 914 4325 censeamus
944 4262 987 4323 de
1016 4260 1180 4322 industria
1209 4258 1293 4322 haec
1322 4262 1370 4323 sic
1399 4281 1420 4322 a

227 4385 349 4448 Tacito
373 4385 484 4467 posita
507 4404 590 4458 esse,
615 4392 653 4446 ut
676 4383 840 4446 sermonis
863 4382 1067 4455 ubertatem,
1091 4399 1160 4462 quo
1184 4381 1420 4446 inscribendo
