3210 5274
773 423 832 489 ¹77

204 585 305 647 nimis
329 585 427 647 exilis
451 585 489 647 fit
514 586 679 661 narratio;
705 587 802 649 deest
825 588 915 649 enim
931 635 938 648 .
953 635 983 648 ..
1003 587 1106 668 quid?
1130 588 1264 670 Nempe
1286 609 1396 663 causa,

204 713 358 766 curtam
384 724 503 786 parum
527 703 635 767 solide
658 705 891 768 aedificaverit
915 706 1050 769 Atilius.
1087 706 1147 769 llla
1170 716 1284 770 autem
1310 728 1397 789 quae

204 844 277 885 esse
311 825 422 905 potuit
454 833 654 906 praeter...
677 823 949 909 festinationem?
985 825 1077 906 Ergo
1102 835 1178 906 post
1202 848 1264 908 qna
1288 827 1396 890 insere

202 943 300 1004 citius
329 943 395 1022 (vel
419 942 578 1023 celerius),
604 944 726 1006 iustam
752 943 894 1006 habebis
918 945 1145 1006 narrationem
1169 953 1204 1007 et
1228 946 1316 1008 bene
1340 947 1397 1009 de·

202 1069 406 1124 currentem.

249 1178 446 1261 Sequuntur
471 1181 572 1244 haec:

250 1298 459 1378 ,Adduxere
482 1300 573 1363 avidi
595 1302 724 1377 talium,
744 1303 963 1384 imperitante
983 1302 1121 1365 Tiberio
1142 1302 1259 1384 procul
1279 1303 1397 1386 volup-

204 1419 334 1482 tatibus
370 1420 495 1496 habiti,
532 1421 627 1484 virile
663 1443 702 1485 ac
738 1421 902 1485 muliebre
937 1442 1050 1497 secuS,
1085 1422 1196 1485 omnis
1226 1431 1320 1486 aetas
1351 1422 1398 1486 ob

203 1540 496 1622 propinquitatem
522 1540 587 1604 loci
612 1541 782 1605 effusius.”

248 1659 288 1720 In
324 1660 443 1721 codice
480 1680 547 1722 non
578 1670 629 1723 est
660 1662 809 1743 effusius,
842 1662 901 1723 sed
933 1661 1068 1742 effusus.
1098 1661 1148 1723 At
1179 1661 1284 1743 Lipsii
1315 1661 1396 1724 illud
1495 1744 1497 1747 .

203 1777 360 1858 effusius,
396 1779 488 1859 quod
526 1799 614 1842 nunc
651 1780 852 1862 plerumque
888 1779 1058 1861 recipitur,
1094 1780 1175 1860 quid
1208 1780 1397 1862 significare

203 1895 330 1959 debet?
366 1897 441 1959 An:
472 1899 656 1973 ardentius,
686 1900 813 1962 ntaiare
841 1899 949 1961 studia
978 1897 1107 1961 simm?
1140 1898 1218 1961 Non
1244 1919 1332 1981 nego
1356 1919 1397 1961 eo

202 2035 303 2077 sensu
342 2016 496 2079 adhiberi
529 2016 610 2080 illud
637 2038 746 2100 posse.
790 2016 857 2080 Sed
882 2037 950 2098 quo
974 2016 1151 2080 reserenda
1174 2019 1217 2080 sit
1242 2018 1297 2081 illa
1322 2040 1398 2100 pro·

203 2135 341 2197 ximitas
365 2136 430 2198 loci
455 2135 577 2199 frustra
601 2157 739 2219 quaer0.
765 2137 818 2198 De
842 2136 1039 2217 municipi0‚
1064 2136 1156 2218 quod
1181 2137 1259 2199 urbi
1276 2137 1401 2201 Romae

202 2257 246 2318 sit
283 2257 530 2338 propinquum,
562 2277 753 2319 sermonem
783 2277 856 2319 esse
886 2276 906 2318 3
936 2254 1128 2337 legentibus
1158 2257 1216 2318 vix
1245 2257 1399 2319 sentitur.

204 2373 423 2457 Quapropter
446 2396 514 2438 non
537 2377 570 2438 in
594 2377 734 2458 effusius
752 2395 869 2438 verum
888 2375 921 2437 in
940 2376 1042 2457 effusi
1058 2376 1218 2457 equidem
1237 2377 1400 2439 traditum

204 2495 294 2557 istud
320 2495 446 2576 effusus
470 2495 682 2556 mutaverim.
716 2493 832 2556 Verba
856 2493 893 2556 ab
910 2495 1193 2576 propinquitatem
1217 2494 1281 2557 laci
1302 2495 1403 2576 effusi

204 2624 285 2677 ante
327 2614 444 2676 oculos
481 2613 578 2676 nobis
613 2623 746 2696 ponunt
781 2613 918 2696 plebem
954 2614 1145 2676 Romanam
1181 2614 1215 2676 in
1251 2615 1399 2676 vicinum

206 2740 360 2797 ruentem
386 2734 564 2815 oppidum.

251 2851 401 2915 Maxime
437 2852 618 2915 miserandi
653 2859 767 2926 erant,
803 2853 860 2932 qui
896 2852 996 2914 laceri
1032 2852 1092 2914 sed
1124 2861 1238 2914 tamen
1269 2853 1336 2915 vivi
1367 2854 1401 2915 in

206 2971 301 3033 ruina
325 2971 381 3033 illa
404 2972 576 3034 iacebant:

254 3091 331 3172 ,qui
356 3111 416 3172 per
440 3092 531 3154 diem
556 3091 639 3164 visu,
665 3110 725 3171 per
749 3099 886 3152 noctem
910 3089 1093 3152 ululatibus
1117 3097 1152 3153 et
1173 3091 1302 3172 gemitu
1322 3111 1401 3154 con·

208 3209 301 3291 iuges
325 3218 383 3273 aut
408 3209 532 3271 liberos
555 3207 777 3271 noscebant.''

251 3328 316 3390 Pro
335 3328 504 3390 noscebant
521 3326 704 3409 legendum
724 3347 796 3390 esse
808 3327 983 3410 pascebant
999 3328 1033 3389 in
1048 3328 1274 3410 Mnemosyne
1288 3328 1402 3411 (1894)

210 3447 290 3521 dixi,
323 3447 611 3529 vehementerque
644 3446 735 3509 illam
767 3446 1042 3509 emendationem
1071 3445 1229 3528 probavit
1256 3447 1402 3509 Vlietius

212 3586 314 3639 meuS,
336 3585 438 3647 quem
456 3574 566 3628 morte
584 3566 683 3628 nobis
704 3574 858 3648 ereptum
873 3565 1026 3647 lugemus
1038 3574 1208 3647 quotquot
1219 3567 1403 3629 candidum

211 3685 280 3745 eius
317 3693 436 3765 pectus
470 3685 658 3747 amavimus
690 3694 724 3747 et
756 3684 880 3764 ingenii
912 3703 1054 3745 acumen
1087 3684 1244 3746 admirati
1276 3704 1401 3746 sumus.

212 3800 333 3864 Postea
364 3803 398 3864 in
431 3802 555 3866 Ritteri
586 3803 737 3866 editione
770 3802 838 3864 vidi
870 3801 937 3863 iam
961 3800 1072 3863 Nevio
1096 3802 1187 3864 idem
1213 3804 1344 3864 venisse
1368 3803 1402 3864 iu

213 3930 373 3984 mentem.
396 3919 498 3984 Haud
520 3931 650 3984 temere
666 3941 746 4002 ergo
760 3920 841 3982 illud
849 3920 1023 4002 pascebant
1035 3920 1230 3983 etiamnunc
1244 3921 1402 3995 delendo,

211 4054 285 4104 cum
311 4041 510 4123 praesertim
535 4061 622 4122 quae
647 4049 765 4102 contra
788 4047 866 4100 sunt
890 4037 991 4100 allata
1017 4038 1242 4100 infirmissima
1267 4040 1403 4101 videan-

211 4167 273 4223 tur.
311 4161 424 4223 Primo
456 4169 596 4242 aspectu
629 4159 773 4222 traditae
804 4157 942 4219 lectioni
974 4156 1135 4220 auxilium
1161 4157 1245 4220 serre
1270 4159 1405 4220 videtur

213 4280 303 4361 quod
328 4279 420 4360 apud
447 4279 592 4342 Plinium
617 4279 682 4361 Ep.
707 4277 769 4351 Vl,
795 4292 838 4340 20
861 4275 992 4358 legitur,
1017 4275 1075 4338 ubi
1100 4277 1133 4339 in
1157 4278 1274 4340 similis
1299 4278 1405 4341 cladis

214 4399 405 4462 narratione
429 4398 513 4461 haec
537 4398 660 4461 habesr

1263 4528 1294 4566 12
