<?xml version="1.0" encoding="UTF-8"?>
<!DOCTYPE html PUBLIC "-//W3C//DTD XHTML 1.0 Transitional//EN"
    "http://www.w3.org/TR/xhtml1/DTD/xhtml1-transitional.dtd">
<html xmlns="http://www.w3.org/1999/xhtml" xml:lang="en" lang="en">
 <head>
  <title>
</title>
<meta http-equiv="Content-Type" content="text/html;charset=utf-8" />
  <meta name='ocr-system' content='tesseract 3.04.00' />
  <meta name='ocr-capabilities' content='ocr_page ocr_carea ocr_par ocr_line ocrx_word'/>
</head>
<body>
  <div class='ocr_page' id='page_1' title='image "./analectatacitea00hartgoog_0311.png"; bbox 0 0 3210 5274; ppageno 0'>
   <div class='ocr_carea' id='block_1_1' title="bbox 861 402 926 466">
    <p class='ocr_par' dir='ltr' id='par_1_1' title="bbox 861 402 926 466">
     <span class='ocr_line' id='line_1_1' title="bbox 861 402 926 466; baseline 0 -17"><span class='ocrx_word' id='word_1_1' title='bbox 861 402 926 466; x_wconf 90' lang='lat'>300</span> 
     </span>
    </p>
   </div>
   <div class='ocr_carea' id='block_1_2' title="bbox 294 559 1498 1844">
    <p class='ocr_par' dir='ltr' id='par_1_2' title="bbox 294 559 1498 1365">
     <span class='ocr_line' id='line_1_2' title="bbox 295 559 1497 647; baseline 0.002 -20"><span class='ocrx_word' id='word_1_2' title='bbox 295 584 376 627; x_wconf 87' lang='lat' dir='ltr'>vero</span> <span class='ocrx_word' id='word_1_3' title='bbox 400 561 573 642; x_wconf 71' lang='grc' dir='ltr'><em>ἐξεύρισκεν</em></span> <span class='ocrx_word' id='word_1_4' title='bbox 598 566 656 628; x_wconf 93' lang='lat' dir='ltr'>sed</span> <span class='ocrx_word' id='word_1_5' title='bbox 681 561 818 644; x_wconf 76' lang='grc' dir='ltr'>εὕρισκεν</span> <span class='ocrx_word' id='word_1_6' title='bbox 839 561 919 647; x_wconf 87' lang='grc' dir='ltr'><em>(όσον</em></span> <span class='ocrx_word' id='word_1_7' title='bbox 946 561 1066 641; x_wconf 77' lang='grc' dir='ltr'><em>εὕρισκε</em></span> <span class='ocrx_word' id='word_1_8' title='bbox 1093 596 1132 622; x_wconf 86' lang='lat'>:</span> <span class='ocrx_word' id='word_1_9' title='bbox 1156 559 1224 626; x_wconf 82' lang='grc' dir='ltr'><em>όσον</em></span> <span class='ocrx_word' id='word_1_10' title='bbox 1248 563 1419 643; x_wconf 73' lang='grc' dir='ltr'><em>ἤλφοινεν).</em></span> <span class='ocrx_word' id='word_1_11' title='bbox 1446 567 1497 629; x_wconf 84' lang='lat' dir='ltr'>At</span> 
     </span>
     <span class='ocr_line' id='line_1_3' title="bbox 295 682 1497 769; baseline 0.003 -23"><span class='ocrx_word' id='word_1_12' title='bbox 295 682 478 760; x_wconf 71' lang='grc' dir='ltr'>ἐξευρίσκειν</span> <span class='ocrx_word' id='word_1_13' title='bbox 504 707 677 767; x_wconf 87' lang='lat' dir='ltr'>nunquam</span> <span class='ocrx_word' id='word_1_14' title='bbox 702 687 791 750; x_wconf 88' lang='lat' dir='ltr'>aliud</span> <span class='ocrx_word' id='word_1_15' title='bbox 813 688 999 769; x_wconf 82' lang='lat' dir='ltr'>quidquam</span> <span class='ocrx_word' id='word_1_16' title='bbox 1022 693 1135 767; x_wconf 93' lang='lat' dir='ltr'>potest</span> <span class='ocrx_word' id='word_1_17' title='bbox 1159 685 1352 766; x_wconf 84' lang='lat' dir='ltr'>significare</span> <span class='ocrx_word' id='word_1_18' title='bbox 1373 707 1497 768; x_wconf 85' lang='lat' dir='ltr'>quam:</span> 
     </span>
     <span class='ocr_line' id='line_1_4' title="bbox 299 806 1498 888; baseline 0.001 -20"><span class='ocrx_word' id='word_1_19' title='bbox 299 814 444 885; x_wconf 80' lang='lat' dir='ltr'>„certam</span> <span class='ocrx_word' id='word_1_20' title='bbox 475 806 623 887; x_wconf 84' lang='lat' dir='ltr'>aliquam</span> <span class='ocrx_word' id='word_1_21' title='bbox 648 827 719 869; x_wconf 91' lang='lat' dir='ltr'>rem</span> <span class='ocrx_word' id='word_1_22' title='bbox 743 807 776 869; x_wconf 91' lang='lat' dir='ltr'>in</span> <span class='ocrx_word' id='word_1_23' title='bbox 803 827 925 888; x_wconf 86' lang='lat' dir='ltr'>magna</span> <span class='ocrx_word' id='word_1_24' title='bbox 949 806 1159 868; x_wconf 87' lang='lat' dir='ltr'>diversarum</span> <span class='ocrx_word' id='word_1_25' title='bbox 1184 825 1296 867; x_wconf 91' lang='lat' dir='ltr'>rerum</span> <span class='ocrx_word' id='word_1_26' title='bbox 1320 807 1424 888; x_wconf 90' lang='lat' dir='ltr'>copia</span> <span class='ocrx_word' id='word_1_27' title='bbox 1449 809 1498 869; x_wconf 93' lang='lat' dir='ltr'>in·</span> 
     </span>
     <span class='ocr_line' id='line_1_5' title="bbox 295 925 1498 1007; baseline 0.001 -19"><span class='ocrx_word' id='word_1_28' title='bbox 295 926 462 1007; x_wconf 86' lang='lat' dir='ltr'>vestigare</span> <span class='ocrx_word' id='word_1_29' title='bbox 488 934 522 988; x_wconf 89' lang='lat' dir='ltr'>et</span> <span class='ocrx_word' id='word_1_30' title='bbox 546 925 730 1001; x_wconf 88' lang='lat' dir='ltr'>invenire&#39;’,</span> <span class='ocrx_word' id='word_1_31' title='bbox 755 927 789 989; x_wconf 92' lang='lat' dir='ltr'>id</span> <span class='ocrx_word' id='word_1_32' title='bbox 815 927 906 1007; x_wconf 91' lang='lat' dir='ltr'>quod</span> <span class='ocrx_word' id='word_1_33' title='bbox 933 926 1067 1007; x_wconf 84' lang='lat' dir='ltr'><strong>egregie</strong></span> <span class='ocrx_word' id='word_1_34' title='bbox 1092 925 1253 987; x_wconf 91' lang='lat' dir='ltr'>convenit</span> <span class='ocrx_word' id='word_1_35' title='bbox 1278 925 1312 987; x_wconf 90' lang='lat' dir='ltr'>in</span> <span class='ocrx_word' id='word_1_36' title='bbox 1338 947 1392 988; x_wconf 92' lang='lat' dir='ltr'>res</span> <span class='ocrx_word' id='word_1_37' title='bbox 1413 926 1498 1001; x_wconf 88' lang='lat' dir='ltr'>illas,</span> 
     </span>
     <span class='ocr_line' id='line_1_6' title="bbox 295 1044 1498 1128; baseline 0.001 -20"><span class='ocrx_word' id='word_1_38' title='bbox 295 1046 338 1108; x_wconf 93' lang='lat' dir='ltr'>de</span> <span class='ocrx_word' id='word_1_39' title='bbox 359 1045 482 1126; x_wconf 89' lang='lat' dir='ltr'>quibus</span> <span class='ocrx_word' id='word_1_40' title='bbox 503 1047 556 1109; x_wconf 92' lang='lat' dir='ltr'>hic</span> <span class='ocrx_word' id='word_1_41' title='bbox 579 1055 630 1109; x_wconf 93' lang='lat' dir='ltr'>est</span> <span class='ocrx_word' id='word_1_42' title='bbox 651 1067 772 1121; x_wconf 89' lang='lat' dir='ltr'>sermo,</span> <span class='ocrx_word' id='word_1_43' title='bbox 794 1049 918 1108; x_wconf 93' lang='lat' dir='ltr'>eodem</span> <span class='ocrx_word' id='word_1_44' title='bbox 942 1052 1136 1126; x_wconf 82' lang='lat' dir='ltr'>congestas;</span> <span class='ocrx_word' id='word_1_45' title='bbox 1159 1044 1204 1107; x_wconf 93' lang='lat' dir='ltr'>ibi</span> <span class='ocrx_word' id='word_1_46' title='bbox 1228 1065 1326 1107; x_wconf 91' lang='lat' dir='ltr'>suum</span> <span class='ocrx_word' id='word_1_47' title='bbox 1352 1046 1498 1128; x_wconf 90' lang='lat' dir='ltr'>quisque</span> 
     </span>
     <span class='ocr_line' id='line_1_7' title="bbox 295 1164 1495 1247; baseline 0.001 -21"><span class='ocrx_word' id='word_1_48' title='bbox 295 1184 458 1247; x_wconf 84' lang='lat' dir='ltr'>quaerere</span> <span class='ocrx_word' id='word_1_49' title='bbox 493 1164 643 1228; x_wconf 87' lang='lat' dir='ltr'>debebat</span> <span class='ocrx_word' id='word_1_50' title='bbox 677 1174 814 1228; x_wconf 89' lang='lat' dir='ltr'>senator</span> <span class='ocrx_word' id='word_1_51' title='bbox 849 1174 883 1228; x_wconf 88' lang='lat' dir='ltr'>et</span> <span class='ocrx_word' id='word_1_52' title='bbox 919 1167 1096 1227; x_wconf 90' lang='lat' dir='ltr'>inventum</span> <span class='ocrx_word' id='word_1_53' title='bbox 1126 1164 1362 1245; x_wconf 72' lang='lat' dir='ltr'>recuperabat.</span> <span class='ocrx_word' id='word_1_54' title='bbox 1401 1165 1495 1247; x_wconf 87' lang='lat' dir='ltr'>Lege</span> 
     </span>
     <span class='ocr_line' id='line_1_8' title="bbox 294 1271 626 1365; baseline -0.003 -21"><span class='ocrx_word' id='word_1_55' title='bbox 294 1303 375 1365; x_wconf 85' lang='lat' dir='ltr'>ergo</span> <span class='ocrx_word' id='word_1_56' title='bbox 399 1277 543 1352; x_wconf 80' lang='grc' dir='ltr'><em>ἐκοιστος.</em></span> <span class='ocrx_word' id='word_1_57' title='bbox 622 1271 626 1279; x_wconf 56' lang='grc'><strong>’</strong></span> 
     </span>
    </p>

    <p class='ocr_par' dir='ltr' id='par_1_3' title="bbox 294 1399 1494 1844">
     <span class='ocr_line' id='line_1_9' title="bbox 339 1399 1491 1485; baseline -0.002 -20"><span class='ocrx_word' id='word_1_58' title='bbox 339 1402 432 1465; x_wconf 87' lang='lat' dir='ltr'>Otho</span> <span class='ocrx_word' id='word_1_59' title='bbox 454 1404 485 1465; x_wconf 93' lang='lat' dir='ltr'>ll</span> <span class='ocrx_word' id='word_1_60' title='bbox 517 1399 680 1474; x_wconf 79' lang='grc' dir='ltr'><em>Ἔλελνίόει</em></span> <span class='ocrx_word' id='word_1_61' title='bbox 706 1403 917 1485; x_wconf 85' lang='lat' dir='ltr'>(Tigellinus)</span> <span class='ocrx_word' id='word_1_62' title='bbox 938 1401 994 1475; x_wconf 70' lang='grc' dir='ltr'>μὲν</span> <span class='ocrx_word' id='word_1_63' title='bbox 1016 1400 1079 1480; x_wconf 72' lang='grc' dir='ltr'>γὰρ</span> <span class='ocrx_word' id='word_1_64' title='bbox 1100 1399 1154 1474; x_wconf 74' lang='grc' dir='ltr'>ἤδη</span> <span class='ocrx_word' id='word_1_65' title='bbox 1176 1400 1383 1482; x_wconf 69' lang='grc' dir='ltr'>κολαζόμενος</span> <span class='ocrx_word' id='word_1_66' title='bbox 1405 1403 1491 1480; x_wconf 79' lang='grc' dir='ltr'><em>οιύτῷ</em></span> 
     </span>
     <span class='ocr_line' id='line_1_10' title="bbox 294 1517 1414 1598; baseline 0.002 -16"><span class='ocrx_word' id='word_1_67' title='bbox 294 1520 335 1598; x_wconf 81' lang='grc' dir='ltr'>τῷ</span> <span class='ocrx_word' id='word_1_68' title='bbox 360 1518 452 1597; x_wconf 76' lang='grc' dir='ltr'><em>φοβῳ</em></span> <span class='ocrx_word' id='word_1_69' title='bbox 476 1526 532 1592; x_wconf 72' lang='grc' dir='ltr'>τῆς</span> <span class='ocrx_word' id='word_1_70' title='bbox 557 1519 715 1591; x_wconf 82' lang='grc' dir='ltr'><em>κολύσεως</em></span> <span class='ocrx_word' id='word_1_71' title='bbox 739 1559 782 1568; x_wconf 95' lang='grc'><strong>-</strong></span> <span class='ocrx_word' id='word_1_72' title='bbox 806 1517 908 1591; x_wconf 82' lang='grc' dir='ltr'><em>κύτοίς</em></span> <span class='ocrx_word' id='word_1_73' title='bbox 932 1544 967 1584; x_wconf 89' lang='grc' dir='ltr'><em>τε</em></span> <span class='ocrx_word' id='word_1_74' title='bbox 992 1519 1051 1589; x_wconf 84' lang='grc' dir='ltr'><em>τόις</em></span> <span class='ocrx_word' id='word_1_75' title='bbox 1157 1521 1187 1582; x_wconf 84' lang='grc' dir='ltr'>ἐν</span> <span class='ocrx_word' id='word_1_76' title='bbox 1285 1517 1414 1597; x_wconf 81' lang='grc' dir='ltr'><em>σόρνσιις</em></span> 
     </span>
     <span class='ocr_line' id='line_1_11' title="bbox 294 1639 1492 1720; baseline 0.002 -17"><span class='ocrx_word' id='word_1_77' title='bbox 294 1641 527 1717; x_wconf 71' lang='grc' dir='ltr'><em>ἐγκυλινδήσεις</em></span> <span class='ocrx_word' id='word_1_78' title='bbox 624 1639 766 1719; x_wconf 78' lang='grc' dir='ltr'><em>ἐσχότκν</em></span> <span class='ocrx_word' id='word_1_79' title='bbox 786 1640 935 1720; x_wconf 75' lang='grc' dir='ltr'><em>τιμωρίαν</em></span> <span class='ocrx_word' id='word_1_80' title='bbox 958 1641 1111 1705; x_wconf 81' lang='grc' dir='ltr'><em>ἐποιοῦντο</em></span> <span class='ocrx_word' id='word_1_81' title='bbox 1129 1689 1136 1703; x_wconf 93' lang='grc'><strong>.</strong></span> <span class='ocrx_word' id='word_1_82' title='bbox 1152 1689 1180 1702; x_wconf 86' lang='grc'>..</span> <span class='ocrx_word' id='word_1_83' title='bbox 1202 1640 1228 1702; x_wconf 89' lang='grc' dir='ltr'>οί</span> <span class='ocrx_word' id='word_1_84' title='bbox 1251 1644 1492 1718; x_wconf 79' lang='grc' dir='ltr'><em>σωφρονοῦντες.</em></span> 
     </span>
     <span class='ocr_line' id='line_1_12' title="bbox 294 1758 1494 1844; baseline -0.003 -18"><span class='ocrx_word' id='word_1_85' title='bbox 294 1761 420 1826; x_wconf 88' lang='lat' dir='ltr'>Coraes</span> <span class='ocrx_word' id='word_1_86' title='bbox 452 1762 533 1825; x_wconf 93' lang='lat' dir='ltr'>illud</span> <span class='ocrx_word' id='word_1_87' title='bbox 566 1758 666 1829; x_wconf 79' lang='grc' dir='ltr'><em>οιύτιίς</em></span> <span class='ocrx_word' id='word_1_88' title='bbox 694 1762 790 1824; x_wconf 87' lang='lat' dir='ltr'>dedit</span> <span class='ocrx_word' id='word_1_89' title='bbox 814 1783 876 1844; x_wconf 91' lang='lat' dir='ltr'>pro</span> <span class='ocrx_word' id='word_1_90' title='bbox 901 1760 995 1830; x_wconf 78' lang='grc' dir='ltr'><em>κύτός</em></span> <span class='ocrx_word' id='word_1_91' title='bbox 1021 1762 1063 1843; x_wconf 87' lang='grc' dir='ltr'>(ν.</span> <span class='ocrx_word' id='word_1_92' title='bbox 1085 1760 1105 1822; x_wconf 90' lang='lat' dir='ltr'>l.</span> <span class='ocrx_word' id='word_1_93' title='bbox 1131 1760 1252 1841; x_wconf 73' lang='grc' dir='ltr'>αὐτοῦ).</span> <span class='ocrx_word' id='word_1_94' title='bbox 1278 1759 1346 1823; x_wconf 89' lang='lat' dir='ltr'>Sed</span> <span class='ocrx_word' id='word_1_95' title='bbox 1373 1779 1494 1843; x_wconf 87' lang='lat' dir='ltr'>parum</span> 
     </span>
    </p>
   </div>
   <div class='ocr_carea' id='block_1_3' title="bbox 296 1876 1495 1963">
    <p class='ocr_par' dir='ltr' id='par_1_4' title="bbox 296 1876 1495 1963">
     <span class='ocr_line' id='line_1_13' title="bbox 296 1876 1495 1963; baseline -0.001 -20"><span class='ocrx_word' id='word_1_96' title='bbox 296 1882 432 1963; x_wconf 86' lang='lat' dir='ltr'>elegans</span> <span class='ocrx_word' id='word_1_97' title='bbox 453 1883 517 1943; x_wconf 90' lang='lat' dir='ltr'>ista</span> <span class='ocrx_word' id='word_1_98' title='bbox 537 1883 713 1963; x_wconf 86' lang='lat' dir='ltr'>repetitio:</span> <span class='ocrx_word' id='word_1_99' title='bbox 736 1881 820 1958; x_wconf 78' lang='grc' dir='ltr'>κύτῷ</span> <span class='ocrx_word' id='word_1_100' title='bbox 841 1881 883 1958; x_wconf 77' lang='grc' dir='ltr'>τῷ</span> <span class='ocrx_word' id='word_1_101' title='bbox 904 1879 996 1959; x_wconf 85' lang='grc' dir='ltr'><em>Φόβῳ</em></span> <span class='ocrx_word' id='word_1_102' title='bbox 1094 1879 1195 1949; x_wconf 84' lang='grc' dir='ltr'><em>οιύτιίς</em></span> <span class='ocrx_word' id='word_1_103' title='bbox 1216 1902 1252 1942; x_wconf 91' lang='grc' dir='ltr'><em>τε</em></span> <span class='ocrx_word' id='word_1_104' title='bbox 1271 1876 1344 1950; x_wconf 86' lang='grc' dir='ltr'><em>τοίς.</em></span> <span class='ocrx_word' id='word_1_105' title='bbox 1366 1880 1495 1943; x_wconf 84' lang='lat' dir='ltr'>Veram</span> 
     </span>
    </p>
   </div>
   <div class='ocr_carea' id='block_1_4' title="bbox 290 2000 1496 4481">
    <p class='ocr_par' dir='ltr' id='par_1_5' title="bbox 295 2000 1010 2084">
     <span class='ocr_line' id='line_1_14' title="bbox 295 2000 1010 2084; baseline 0.003 -22"><span class='ocrx_word' id='word_1_106' title='bbox 295 2000 477 2064; x_wconf 89' lang='lat' dir='ltr'>lectionem</span> <span class='ocrx_word' id='word_1_107' title='bbox 502 2001 655 2063; x_wconf 93' lang='lat' dir='ltr'>nondum</span> <span class='ocrx_word' id='word_1_108' title='bbox 680 2001 854 2064; x_wconf 89' lang='lat' dir='ltr'>inventam</span> <span class='ocrx_word' id='word_1_109' title='bbox 879 2003 1010 2084; x_wconf 86' lang='lat' dir='ltr'>opinor.</span> 
     </span>
    </p>

    <p class='ocr_par' dir='ltr' id='par_1_6' title="bbox 294 2120 1496 2562">
     <span class='ocr_line' id='line_1_15' title="bbox 340 2120 1496 2202; baseline -0.003 -18"><span class='ocrx_word' id='word_1_110' title='bbox 340 2120 433 2184; x_wconf 88' lang='lat' dir='ltr'>Otho</span> <span class='ocrx_word' id='word_1_111' title='bbox 454 2120 504 2183; x_wconf 93' lang='lat' dir='ltr'>IV</span> <span class='ocrx_word' id='word_1_112' title='bbox 530 2121 826 2183; x_wconf 86' lang='lat' dir='ltr'>Praetorianorum</span> <span class='ocrx_word' id='word_1_113' title='bbox 850 2121 1033 2184; x_wconf 91' lang='lat' dir='ltr'>tumultum</span> <span class='ocrx_word' id='word_1_114' title='bbox 1055 2121 1190 2183; x_wconf 92' lang='lat' dir='ltr'>modica</span> <span class='ocrx_word' id='word_1_115' title='bbox 1212 2140 1323 2202; x_wconf 90' lang='lat' dir='ltr'>poena</span> <span class='ocrx_word' id='word_1_116' title='bbox 1343 2121 1496 2182; x_wconf 86' lang='lat' dir='ltr'>coercuit</span> 
     </span>
     <span class='ocr_line' id='line_1_16' title="bbox 295 2237 1493 2322; baseline -0.002 -19"><span class='ocrx_word' id='word_1_117' title='bbox 295 2240 398 2304; x_wconf 85' lang='lat' dir='ltr'>Otho.</span> <span class='ocrx_word' id='word_1_118' title='bbox 433 2240 609 2322; x_wconf 87' lang='lat' dir='ltr'>Sequitur:</span> <span class='ocrx_word' id='word_1_119' title='bbox 639 2244 744 2302; x_wconf 79' lang='grc' dir='ltr'><em>τοῦτο</em></span> <span class='ocrx_word' id='word_1_120' title='bbox 776 2241 802 2302; x_wconf 89' lang='grc' dir='ltr'>οί</span> <span class='ocrx_word' id='word_1_121' title='bbox 835 2240 894 2315; x_wconf 82' lang='grc' dir='ltr'>μὲν</span> <span class='ocrx_word' id='word_1_122' title='bbox 916 2240 1106 2314; x_wconf 68' lang='grc' dir='ltr'><em>ἀριστῶντες</em></span> <span class='ocrx_word' id='word_1_123' title='bbox 1131 2237 1185 2312; x_wconf 78' lang='grc' dir='ltr'>ἤδη</span> <span class='ocrx_word' id='word_1_124' title='bbox 1211 2237 1264 2301; x_wconf 84' lang='grc' dir='ltr'><em>κοιί</em></span> <span class='ocrx_word' id='word_1_125' title='bbox 1290 2237 1493 2309; x_wconf 73' lang='grc' dir='ltr'><em>πιστεύοντες</em></span> 
     </span>
     <span class='ocr_line' id='line_1_17' title="bbox 295 2356 1494 2443; baseline 0 -22"><span class='ocrx_word' id='word_1_126' title='bbox 295 2358 469 2440; x_wconf 82' lang='grc' dir='ltr'><em>ἐόοιύμοιζσν</em></span> <span class='ocrx_word' id='word_1_127' title='bbox 501 2361 556 2430; x_wconf 64' lang='grc' dir='ltr'><em>τίον</em></span> <span class='ocrx_word' id='word_1_128' title='bbox 588 2358 785 2435; x_wconf 70' lang='grc' dir='ltr'><em>μετιιβολνίν.</em></span> <span class='ocrx_word' id='word_1_129' title='bbox 819 2360 891 2423; x_wconf 87' lang='lat' dir='ltr'>Aut</span> <span class='ocrx_word' id='word_1_130' title='bbox 924 2358 1063 2422; x_wconf 83' lang='lat' dir='ltr'>confusa</span> <span class='ocrx_word' id='word_1_131' title='bbox 1095 2359 1179 2443; x_wconf 86' lang='lat' dir='ltr'>haec</span> <span class='ocrx_word' id='word_1_132' title='bbox 1212 2366 1270 2420; x_wconf 90' lang='lat' dir='ltr'>aut</span> <span class='ocrx_word' id='word_1_133' title='bbox 1294 2356 1362 2420; x_wconf 84' lang='lat' dir='ltr'>alio</span> <span class='ocrx_word' id='word_1_134' title='bbox 1387 2360 1494 2421; x_wconf 92' lang='lat' dir='ltr'>modo</span> 
     </span>
     <span class='ocr_line' id='line_1_18' title="bbox 294 2490 463 2562; baseline -0.006 -20"><span class='ocrx_word' id='word_1_135' title='bbox 294 2490 463 2562; x_wconf 89' lang='lat' dir='ltr'>corrupta.</span> 
     </span>
    </p>

    <p class='ocr_par' dir='ltr' id='par_1_7' title="bbox 292 2596 1493 3992">
     <span class='ocr_line' id='line_1_19' title="bbox 339 2596 1492 2678; baseline -0.001 -18"><span class='ocrx_word' id='word_1_136' title='bbox 339 2600 383 2661; x_wconf 91' lang='lat' dir='ltr'>ib.</span> <span class='ocrx_word' id='word_1_137' title='bbox 415 2599 508 2662; x_wconf 89' lang='lat' dir='ltr'>Otho</span> <span class='ocrx_word' id='word_1_138' title='bbox 529 2596 668 2675; x_wconf 72' lang='grc' dir='ltr'><em>ἐρροιψεν</em></span> <span class='ocrx_word' id='word_1_139' title='bbox 693 2598 869 2678; x_wconf 71' lang='grc' dir='ltr'><em>Οὐιτελλίῳ</em></span> <span class='ocrx_word' id='word_1_140' title='bbox 889 2597 1100 2676; x_wconf 87' lang='grc' dir='ltr'><em>στροιτιιιτικόι</em></span> <span class='ocrx_word' id='word_1_141' title='bbox 1120 2601 1255 2676; x_wconf 84' lang='grc' dir='ltr'><em>Φρονείν.</em></span> <span class='ocrx_word' id='word_1_142' title='bbox 1278 2596 1370 2658; x_wconf 90' lang='lat' dir='ltr'>Nihil</span> <span class='ocrx_word' id='word_1_143' title='bbox 1388 2599 1492 2671; x_wconf 89' lang='lat' dir='ltr'>istud,</span> 
     </span>
     <span class='ocr_line' id='line_1_20' title="bbox 294 2715 1493 2800; baseline 0.001 -21"><span class='ocrx_word' id='word_1_144' title='bbox 294 2727 327 2779; x_wconf 89' lang='lat' dir='ltr'>et</span> <span class='ocrx_word' id='word_1_145' title='bbox 359 2719 385 2778; x_wconf 93' lang='lat' dir='ltr'>si</span> <span class='ocrx_word' id='word_1_146' title='bbox 412 2727 502 2780; x_wconf 89' lang='lat' dir='ltr'>recte</span> <span class='ocrx_word' id='word_1_147' title='bbox 528 2738 676 2800; x_wconf 89' lang='lat' dir='ltr'>unquam</span> <span class='ocrx_word' id='word_1_148' title='bbox 703 2720 881 2800; x_wconf 89' lang='lat' dir='ltr'>quisquam</span> <span class='ocrx_word' id='word_1_149' title='bbox 907 2720 1020 2782; x_wconf 92' lang='lat' dir='ltr'>verbis</span> <span class='ocrx_word' id='word_1_150' title='bbox 1044 2715 1253 2794; x_wconf 79' lang='grc' dir='ltr'><em>στρκτιιιτικδι</em></span> <span class='ocrx_word' id='word_1_151' title='bbox 1279 2723 1401 2795; x_wconf 81' lang='grc' dir='ltr'><em>φρονεῖν</em></span> <span class='ocrx_word' id='word_1_152' title='bbox 1427 2719 1493 2780; x_wconf 92' lang='lat' dir='ltr'>uti·</span> 
     </span>
     <span class='ocr_line' id='line_1_21' title="bbox 292 2836 1491 2918; baseline 0 -21"><span class='ocrx_word' id='word_1_153' title='bbox 292 2844 357 2909; x_wconf 84' lang='lat' dir='ltr'>tur,</span> <span class='ocrx_word' id='word_1_154' title='bbox 386 2837 468 2897; x_wconf 92' lang='lat' dir='ltr'>dicit</span> <span class='ocrx_word' id='word_1_155' title='bbox 498 2836 625 2916; x_wconf 89' lang='lat' dir='ltr'>aliquid</span> <span class='ocrx_word' id='word_1_156' title='bbox 658 2839 750 2917; x_wconf 92' lang='lat' dir='ltr'>quod</span> <span class='ocrx_word' id='word_1_157' title='bbox 775 2838 819 2900; x_wconf 88' lang='lat' dir='ltr'>ab</span> <span class='ocrx_word' id='word_1_158' title='bbox 844 2838 908 2900; x_wconf 93' lang='lat' dir='ltr'>hoc</span> <span class='ocrx_word' id='word_1_159' title='bbox 934 2838 1010 2900; x_wconf 93' lang='lat' dir='ltr'>loco</span> <span class='ocrx_word' id='word_1_160' title='bbox 1033 2846 1085 2900; x_wconf 91' lang='lat' dir='ltr'>est</span> <span class='ocrx_word' id='word_1_161' title='bbox 1108 2857 1210 2918; x_wconf 90' lang='lat' dir='ltr'>quam</span> <span class='ocrx_word' id='word_1_162' title='bbox 1235 2837 1491 2899; x_wconf 91' lang='lat' dir='ltr'>alienissimum.</span> 
     </span>
     <span class='ocr_line' id='line_1_22' title="bbox 295 2953 1490 3038; baseline 0.003 -22"><span class='ocrx_word' id='word_1_163' title='bbox 295 2953 366 3016; x_wconf 87' lang='lat' dir='ltr'>Aut</span> <span class='ocrx_word' id='word_1_164' title='bbox 387 2955 477 3017; x_wconf 91' lang='lat' dir='ltr'>enim</span> <span class='ocrx_word' id='word_1_165' title='bbox 499 2955 580 3017; x_wconf 89' lang='lat' dir='ltr'>nihil</span> <span class='ocrx_word' id='word_1_166' title='bbox 601 2955 656 3018; x_wconf 91' lang='lat' dir='ltr'>illa</span> <span class='ocrx_word' id='word_1_167' title='bbox 678 2957 843 3019; x_wconf 85' lang='lat' dir='ltr'>vocabula</span> <span class='ocrx_word' id='word_1_168' title='bbox 864 2958 1066 3038; x_wconf 84' lang='lat' dir='ltr'>significant,</span> <span class='ocrx_word' id='word_1_169' title='bbox 1087 2964 1145 3019; x_wconf 88' lang='lat' dir='ltr'>aut</span> <span class='ocrx_word' id='word_1_170' title='bbox 1162 2956 1343 3036; x_wconf 81' lang='lat' dir='ltr'>„militares</span> <span class='ocrx_word' id='word_1_171' title='bbox 1354 2977 1490 3019; x_wconf 88' lang='lat' dir='ltr'>sumere</span> 
     </span>
     <span class='ocr_line' id='line_1_23' title="bbox 294 3050 1491 3158; baseline 0.003 -22"><span class='ocrx_word' id='word_1_172' title='bbox 294 3075 457 3138; x_wconf 90' lang='lat' dir='ltr'>animos’&#39;.</span> <span class='ocrx_word' id='word_1_173' title='bbox 491 3075 602 3157; x_wconf 81' lang='lat' dir='ltr'>Quam</span> <span class='ocrx_word' id='word_1_174' title='bbox 635 3097 714 3158; x_wconf 88' lang='lat' dir='ltr'>ergo</span> <span class='ocrx_word' id='word_1_175' title='bbox 739 3078 933 3151; x_wconf 87' lang='lat' dir='ltr'>absurdum,</span> <span class='ocrx_word' id='word_1_176' title='bbox 959 3077 1132 3140; x_wconf 89' lang='lat' dir='ltr'>adhortari</span> <span class='ocrx_word' id='word_1_177' title='bbox 1158 3077 1255 3139; x_wconf 91' lang='lat' dir='ltr'>simul</span> <span class='ocrx_word' id='word_1_178' title='bbox 1279 3050 1427 3158; x_wconf 72' lang='lat' dir='ltr'>aliquem</span> <span class='ocrx_word' id='word_1_179' title='bbox 1453 3086 1491 3139; x_wconf 92' lang='lat' dir='ltr'>ut</span> 
     </span>
     <span class='ocr_line' id='line_1_24' title="bbox 295 3195 1490 3279; baseline 0.001 -23"><span class='ocrx_word' id='word_1_180' title='bbox 295 3195 412 3257; x_wconf 81' lang='lat' dir='ltr'>militis</span> <span class='ocrx_word' id='word_1_181' title='bbox 432 3216 468 3257; x_wconf 87' lang='lat' dir='ltr'>se</span> <span class='ocrx_word' id='word_1_182' title='bbox 489 3197 626 3258; x_wconf 90' lang='lat' dir='ltr'>nomine</span> <span class='ocrx_word' id='word_1_183' title='bbox 650 3197 790 3277; x_wconf 84' lang='lat' dir='ltr'>dignum</span> <span class='ocrx_word' id='word_1_184' title='bbox 816 3198 988 3279; x_wconf 85' lang='lat' dir='ltr'>praebeat,</span> <span class='ocrx_word' id='word_1_185' title='bbox 1014 3207 1048 3258; x_wconf 90' lang='lat' dir='ltr'>et</span> <span class='ocrx_word' id='word_1_186' title='bbox 1073 3196 1103 3258; x_wconf 91' lang='lat' dir='ltr'>ei</span> <span class='ocrx_word' id='word_1_187' title='bbox 1127 3196 1278 3258; x_wconf 87' lang='lat' dir='ltr'>luxuriae</span> <span class='ocrx_word' id='word_1_188' title='bbox 1299 3195 1419 3258; x_wconf 83' lang='lat' dir='ltr'>offerre</span> <span class='ocrx_word' id='word_1_189' title='bbox 1441 3197 1490 3257; x_wconf 94' lang='lat' dir='ltr'>in·</span> 
     </span>
     <span class='ocr_line' id='line_1_25' title="bbox 293 3314 1491 3398; baseline 0 -21"><span class='ocrx_word' id='word_1_190' title='bbox 293 3323 481 3378; x_wconf 89' lang='lat' dir='ltr'>strumenta</span> <span class='ocrx_word' id='word_1_191' title='bbox 513 3317 539 3376; x_wconf 90' lang='lat' dir='ltr'>si</span> <span class='ocrx_word' id='word_1_192' title='bbox 572 3336 592 3376; x_wconf 89' lang='lat' dir='ltr'>a</span> <span class='ocrx_word' id='word_1_193' title='bbox 623 3314 712 3377; x_wconf 89' lang='lat' dir='ltr'>bello</span> <span class='ocrx_word' id='word_1_194' title='bbox 744 3316 901 3379; x_wconf 88' lang='lat' dir='ltr'>desistat!</span> <span class='ocrx_word' id='word_1_195' title='bbox 929 3315 1143 3378; x_wconf 86' lang='lat' dir='ltr'>Plutarchum</span> <span class='ocrx_word' id='word_1_196' title='bbox 1168 3316 1340 3398; x_wconf 86' lang='lat' dir='ltr'>scripsisse</span> <span class='ocrx_word' id='word_1_197' title='bbox 1365 3335 1491 3378; x_wconf 89' lang='lat' dir='ltr'>censeo</span> 
     </span>
     <span class='ocr_line' id='line_1_26' title="bbox 295 3433 1490 3513; baseline 0.001 -17"><span class='ocrx_word' id='word_1_198' title='bbox 295 3434 484 3511; x_wconf 78' lang='grc' dir='ltr'><em>συμβκτικόι</em></span> <span class='ocrx_word' id='word_1_199' title='bbox 518 3438 658 3512; x_wconf 73' lang='grc' dir='ltr'><em>Φρονεῖν;</em></span> <span class='ocrx_word' id='word_1_200' title='bbox 691 3435 756 3497; x_wconf 92' lang='lat' dir='ltr'>hoc</span> <span class='ocrx_word' id='word_1_201' title='bbox 788 3435 879 3497; x_wconf 89' lang='lat' dir='ltr'>illam</span> <span class='ocrx_word' id='word_1_202' title='bbox 912 3435 1015 3497; x_wconf 89' lang='lat' dir='ltr'>habet</span> <span class='ocrx_word' id='word_1_203' title='bbox 1047 3433 1197 3513; x_wconf 82' lang='grc' dir='ltr'><em>είρωνείοιν</em></span> <span class='ocrx_word' id='word_1_204' title='bbox 1230 3444 1265 3497; x_wconf 90' lang='lat' dir='ltr'>et</span> <span class='ocrx_word' id='word_1_205' title='bbox 1289 3436 1490 3509; x_wconf 85' lang='lat' dir='ltr'>irrisionem,</span> 
     </span>
     <span class='ocr_line' id='line_1_27' title="bbox 295 3552 1489 3638; baseline -0.002 -20"><span class='ocrx_word' id='word_1_206' title='bbox 295 3577 361 3638; x_wconf 92' lang='lat' dir='ltr'>qua</span> <span class='ocrx_word' id='word_1_207' title='bbox 392 3576 478 3638; x_wconf 86' lang='lat' dir='ltr'>opus</span> <span class='ocrx_word' id='word_1_208' title='bbox 509 3555 564 3617; x_wconf 94' lang='lat' dir='ltr'>hic</span> <span class='ocrx_word' id='word_1_209' title='bbox 595 3563 656 3629; x_wconf 91' lang='lat' dir='ltr'>est,</span> <span class='ocrx_word' id='word_1_210' title='bbox 690 3563 724 3616; x_wconf 89' lang='lat' dir='ltr'>et</span> <span class='ocrx_word' id='word_1_211' title='bbox 755 3555 961 3617; x_wconf 89' lang='lat' dir='ltr'>adiectivum</span> <span class='ocrx_word' id='word_1_212' title='bbox 992 3552 1192 3630; x_wconf 80' lang='grc' dir='ltr'><em>σομβοιτικός</em></span> <span class='ocrx_word' id='word_1_213' title='bbox 1226 3555 1407 3618; x_wconf 79' lang='lat' dir='ltr'>Plutarcho</span> <span class='ocrx_word' id='word_1_214' title='bbox 1436 3563 1489 3617; x_wconf 90' lang='lat' dir='ltr'>est</span> 
     </span>
     <span class='ocr_line' id='line_1_28' title="bbox 295 3672 1487 3754; baseline 0 -15"><span class='ocrx_word' id='word_1_215' title='bbox 295 3678 328 3739; x_wconf 90' lang='lat' dir='ltr'>in</span> <span class='ocrx_word' id='word_1_216' title='bbox 353 3677 492 3739; x_wconf 85' lang='lat' dir='ltr'>deliciis</span> <span class='ocrx_word' id='word_1_217' title='bbox 518 3676 626 3738; x_wconf 86' lang='lat' dir='ltr'>Flam.</span> <span class='ocrx_word' id='word_1_218' title='bbox 652 3695 680 3736; x_wconf 90' lang='lat' dir='ltr'>c.</span> <span class='ocrx_word' id='word_1_219' title='bbox 708 3689 722 3754; x_wconf 88' lang='lat'><strong>5</strong></span> <span class='ocrx_word' id='word_1_220' title='bbox 748 3674 808 3736; x_wconf 81' lang='lat' dir='ltr'>ss.</span> <span class='ocrx_word' id='word_1_221' title='bbox 834 3677 980 3753; x_wconf 81' lang='grc' dir='ltr'><em>Φιλίστῳ</em></span> <span class='ocrx_word' id='word_1_222' title='bbox 1001 3673 1136 3738; x_wconf 77' lang='grc' dir='ltr'><em>δοκοῦντι</em></span> <span class='ocrx_word' id='word_1_223' title='bbox 1159 3672 1365 3751; x_wconf 74' lang='grc' dir='ltr'><em>συμβατικῶς</em></span> <span class='ocrx_word' id='word_1_224' title='bbox 1388 3672 1487 3752; x_wconf 85' lang='grc' dir='ltr'><em>ἔχειν.</em></span> 
     </span>
     <span class='ocr_line' id='line_1_29' title="bbox 295 3792 1487 3874; baseline -0.002 -15"><span class='ocrx_word' id='word_1_225' title='bbox 295 3796 394 3859; x_wconf 90' lang='lat' dir='ltr'>Aem.</span> <span class='ocrx_word' id='word_1_226' title='bbox 417 3796 508 3858; x_wconf 90' lang='lat' dir='ltr'>Paul.</span> <span class='ocrx_word' id='word_1_227' title='bbox 530 3797 551 3859; x_wconf 90' lang='lat'><strong>6</strong></span> <span class='ocrx_word' id='word_1_228' title='bbox 574 3794 695 3858; x_wconf 78' lang='grc' dir='ltr'><em>διέδωκε</em></span> <span class='ocrx_word' id='word_1_229' title='bbox 719 3792 812 3870; x_wconf 70' lang='grc' dir='ltr'><em>λόγον</em></span> <span class='ocrx_word' id='word_1_230' title='bbox 837 3793 1053 3874; x_wconf 79' lang='grc' dir='ltr'><em>Φιλοίνόρωτον</em></span> <span class='ocrx_word' id='word_1_231' title='bbox 1077 3800 1129 3858; x_wconf 84' lang='grc' dir='ltr'><em>κοιί</em></span> <span class='ocrx_word' id='word_1_232' title='bbox 1154 3792 1366 3871; x_wconf 71' lang='grc' dir='ltr'><em>συμβατικόν.</em></span> <span class='ocrx_word' id='word_1_233' title='bbox 1390 3794 1487 3859; x_wconf 89' lang='lat' dir='ltr'>Cam.</span> 
     </span>
     <span class='ocr_line' id='line_1_30' title="bbox 294 3913 841 3992; baseline -0.004 -14"><span class='ocrx_word' id='word_1_234' title='bbox 294 3918 334 3980; x_wconf 89' lang='lat'>28</span> <span class='ocrx_word' id='word_1_235' title='bbox 360 3913 495 3992; x_wconf 71' lang='grc' dir='ltr'><em>ἐγίνοντο</em></span> <span class='ocrx_word' id='word_1_236' title='bbox 521 3913 713 3991; x_wconf 82' lang='grc' dir='ltr'><em>συμβοιτικοί</em></span> <span class='ocrx_word' id='word_1_237' title='bbox 742 3914 841 3990; x_wconf 73' lang='grc' dir='ltr'><em>λόγον.</em></span> 
     </span>
    </p>

    <p class='ocr_par' dir='ltr' id='par_1_8' title="bbox 290 4034 1488 4481">
     <span class='ocr_line' id='line_1_31' title="bbox 338 4034 1488 4119; baseline 0 -21"><span class='ocrx_word' id='word_1_238' title='bbox 338 4035 351 4098; x_wconf 92' lang='grc' dir='ltr'><em>ό</em></span> <span class='ocrx_word' id='word_1_239' title='bbox 375 4037 406 4100; x_wconf 83' lang='grc' dir='ltr'><em>δέ</em></span> <span class='ocrx_word' id='word_1_240' title='bbox 432 4037 604 4116; x_wconf 83' lang='grc' dir='ltr'><em>Σπουρίνιις</em></span> <span class='ocrx_word' id='word_1_241' title='bbox 629 4036 892 4119; x_wconf 78' lang='grc' dir='ltr'><em>τροσβιοιζόμενος</em></span> <span class='ocrx_word' id='word_1_242' title='bbox 918 4034 1030 4106; x_wconf 71' lang='grc' dir='ltr'><em>αὐτοὺς</em></span> <span class='ocrx_word' id='word_1_243' title='bbox 1060 4038 1117 4118; x_wconf 90' lang='lat' dir='ltr'>(sc.</span> <span class='ocrx_word' id='word_1_244' title='bbox 1144 4036 1267 4100; x_wconf 91' lang='lat' dir='ltr'>milites</span> <span class='ocrx_word' id='word_1_245' title='bbox 1291 4036 1366 4099; x_wconf 92' lang='lat' dir='ltr'>illos</span> <span class='ocrx_word' id='word_1_246' title='bbox 1389 4035 1488 4099; x_wconf 90' lang='lat' dir='ltr'>urba·</span> 
     </span>
     <span class='ocr_line' id='line_1_32' title="bbox 292 4153 1488 4241; baseline -0.005 -20"><span class='ocrx_word' id='word_1_247' title='bbox 292 4177 363 4234; x_wconf 87' lang='lat' dir='ltr'>nos,</span> <span class='ocrx_word' id='word_1_248' title='bbox 398 4158 549 4223; x_wconf 88' lang='lat' dir='ltr'>laborem</span> <span class='ocrx_word' id='word_1_249' title='bbox 581 4159 824 4241; x_wconf 88' lang='lat' dir='ltr'>detrectantes)</span> <span class='ocrx_word' id='word_1_250' title='bbox 857 4154 1024 4221; x_wconf 79' lang='grc' dir='ltr'><em>ἐκινδύνευε</em></span> <span class='ocrx_word' id='word_1_251' title='bbox 1056 4153 1160 4234; x_wconf 85' lang='grc' dir='ltr'><em>μικρόν</em></span> <span class='ocrx_word' id='word_1_252' title='bbox 1195 4155 1341 4224; x_wconf 74' lang='grc' dir='ltr'><em>ἐλθόντος</em></span> <span class='ocrx_word' id='word_1_253' title='bbox 1363 4156 1488 4217; x_wconf 82' lang='grc' dir='ltr'><em>οίνελεῖν</em></span> 
     </span>
     <span class='ocr_line' id='line_1_33' title="bbox 291 4272 1487 4360; baseline -0.003 -20"><span class='ocrx_word' id='word_1_254' title='bbox 291 4274 397 4341; x_wconf 85' lang='grc' dir='ltr'><em>ιιύτόν.</em></span> <span class='ocrx_word' id='word_1_255' title='bbox 431 4278 516 4342; x_wconf 93' lang='lat' dir='ltr'>Mire</span> <span class='ocrx_word' id='word_1_256' title='bbox 549 4279 679 4343; x_wconf 91' lang='lat' dir='ltr'>dictum</span> <span class='ocrx_word' id='word_1_257' title='bbox 709 4277 898 4342; x_wconf 80' lang='grc' dir='ltr'><em>ἐκινδύνευσε</em></span> <span class='ocrx_word' id='word_1_258' title='bbox 922 4274 1029 4357; x_wconf 87' lang='grc' dir='ltr'><em>μικρόν</em></span> <span class='ocrx_word' id='word_1_259' title='bbox 1055 4297 1116 4360; x_wconf 90' lang='lat' dir='ltr'>pro</span> <span class='ocrx_word' id='word_1_260' title='bbox 1139 4275 1227 4354; x_wconf 83' lang='grc' dir='ltr'><em>τοιρόι</em></span> <span class='ocrx_word' id='word_1_261' title='bbox 1251 4276 1357 4354; x_wconf 84' lang='grc' dir='ltr'><em>μικρὸν</em></span> <span class='ocrx_word' id='word_1_262' title='bbox 1383 4272 1487 4353; x_wconf 78' lang='grc' dir='ltr'><em>ἔφυγε</em></span> 
     </span>
     <span class='ocr_line' id='line_1_34' title="bbox 290 4392 725 4481; baseline 0.005 -22"><span class='ocrx_word' id='word_1_263' title='bbox 290 4392 337 4461; x_wconf 86' lang='grc' dir='ltr'>τό.</span> <span class='ocrx_word' id='word_1_264' title='bbox 360 4396 568 4481; x_wconf 80' lang='lat' dir='ltr'>corruptum</span> <span class='ocrx_word' id='word_1_265' title='bbox 590 4416 725 4461; x_wconf 86' lang='lat' dir='ltr'>censeo.</span> 
     </span>
    </p>
   </div>
   <div class='ocr_carea' id='block_1_5' title="bbox 0 0 1610 5274">
    <p class='ocr_par' dir='ltr' id='par_1_9' title="bbox 0 0 1610 5274">
     <span class='ocr_line' id='line_1_35' title="bbox 0 0 1610 5274; baseline 0 0"><span class='ocrx_word' id='word_1_266' title='bbox 0 0 1610 5274; x_wconf 95' lang='lat' dir='ltr'> </span> 
     </span>
    </p>
   </div>
  </div>
 </body>
</html>
