3210 5274
781 386 822 451 33

200 547 432 630 improvidum
465 556 500 611 et
532 547 664 611 facilem
689 549 854 624 inanibus,
879 550 922 612 ad
948 548 1196 614 Chaldaeorum
1222 550 1397 631 promissa,

202 686 380 748 magorum
410 686 515 742 sacra,
548 668 757 730 somniorum
789 668 892 730 etiam
921 669 1124 750 interpretes
1147 669 1291 750 impulit,
1316 669 1398 731 dum

203 805 369 866 proavum
415 784 626 866 Pompeium,
665 787 804 848 amitam
842 785 1064 862 Scriboniam,
1101 808 1189 869 quae
1224 789 1398 869 quondam

203 903 350 985 Augusti
374 904 524 966 coniunx
549 904 667 980 luerat,
692 906 913 968 consobrinos
933 904 1104 980 Caesares,
1126 906 1261 988 plenam
1282 906 1398 987 imagi-

202 1023 302 1086 nibus
334 1024 475 1085 domum
506 1030 668 1098 ostentat,
699 1024 921 1106 hortaturque
953 1025 996 1086 ad
1030 1023 1146 1087 luxum
1177 1032 1212 1086 et
1240 1044 1296 1086 aes
1319 1022 1398 1086 alie-

202 1159 296 1216 num,
327 1141 439 1204 socius
462 1141 642 1204 libidinum
666 1150 702 1204 et
725 1142 976 1218 necessitatum,
1001 1162 1069 1224 quo
1092 1142 1244 1224 pluribus
1267 1142 1400 1205 indiciis

202 1259 371 1341 inligaret.

248 1376 283 1441 Si
308 1378 398 1440 Libo
422 1378 559 1442 liberius
583 1379 773 1460 lautiusque
797 1379 882 1441 vivit
906 1387 940 1441 et
964 1399 1021 1441 aes
1044 1378 1192 1441 alienum
1216 1378 1398 1452 contrahit,

203 1497 319 1579 palam
339 1497 377 1560 fit
397 1518 475 1560 eum
495 1518 627 1560 summa
646 1518 802 1579 quaeque
822 1517 958 1579 sperare
979 1506 1014 1560 et
1034 1505 1243 1580 exspectare,
1260 1498 1399 1577 eiusque

201 1615 296 1678 vitae
320 1615 424 1679 Catus
448 1636 586 1678 consors
611 1636 687 1679 cum
711 1616 759 1690 fit,
785 1616 892 1679 multa
915 1617 948 1678 in
974 1615 1142 1678 Libonem
1168 1624 1281 1698 potest
1309 1615 1402 1678 colli·

201 1753 284 1816 gere
327 1734 462 1797 indicia.
498 1734 575 1798 Hoc
611 1735 654 1797 ad
691 1733 949 1817 intelligendum
985 1754 1053 1797 non
1086 1735 1133 1797 ita
1167 1743 1218 1797 est
1254 1734 1400 1797 difficile.

202 1853 316 1934 Magis
335 1853 369 1915 in
391 1853 565 1916 vocabulis
584 1854 690 1916 sacius
710 1855 936 1918 necessitatum
956 1853 1145 1916 haeremus?
1167 1853 1254 1915 Nam
1275 1855 1302 1915 si
1316 1872 1400 1915 voce

201 1973 407 2036 necessitates
430 1972 610 2054 significari
635 1973 798 2036 sumimus
822 1975 875 2037 rei
890 1972 1088 2056 familiaris
1109 1983 1284 2054 egestatem
1305 1983 1402 2052 atque

203 2093 361 2174 inopiam,
395 2111 514 2173 rogare
545 2092 654 2155 subit:
692 2112 904 2174 ,unquamne
928 2093 1107 2173 quisquam
1132 2091 1165 2153 in
1190 2111 1267 2153 aere
1291 2089 1402 2154 alieno

203 2209 441 2274 contrahendo
474 2231 509 2272 se
541 2210 596 2273 alii
628 2210 688 2272 dat
719 2212 891 2284 comitem,
926 2211 1030 2291 idque
1062 2210 1140 2272 ideo
1172 2218 1209 2272 ut
1236 2209 1324 2273 illius
1347 2230 1402 2272 co·

202 2337 348 2411 gnoscat
379 2329 520 2391 consilia
551 2328 723 2392 secreta?”
756 2329 841 2392 Tam
873 2329 1019 2392 absurda
1050 2349 1090 2391 ea
1121 2349 1174 2392 res
1205 2329 1339 2393 videtur
1367 2338 1403 2392 ut

203 2466 396 2528 propensus
428 2447 488 2510 fias
520 2449 564 2511 ad
589 2450 796 2511 credendum
822 2450 1047 2512 necessitatum
1072 2450 1120 2511 ita
1143 2448 1251 2530 accipi
1277 2449 1403 2511 debere

204 2575 243 2629 ut
267 2567 359 2629 idern
384 2567 426 2629 sit
452 2567 545 2648 quod
571 2567 851 2630 necessitudinum.
877 2566 945 2631 Sed
973 2568 1019 2630 ita
1045 2587 1165 2629 vocem
1190 2566 1281 2630 illam
1301 2566 1403 2629 inter·

204 2685 333 2767 pretari
358 2692 392 2747 te
417 2693 511 2748 vetat
536 2686 733 2768 perspicuus
761 2684 1045 2767 „parallelismus”
1069 2686 1126 2767 qui
1147 2694 1198 2748 est
1219 2685 1252 2746 in
1274 2685 1403 2747 verbis:

204 2803 367 2867 hortatur
401 2804 449 2866 ad
476 2805 594 2867 luxum
625 2816 657 2867 et
685 2825 740 2867 aes
770 2804 957 2868 alienum..
973 2852 1002 2866 ..
1034 2805 1139 2867 sacius
1169 2803 1342 2866 libidinum
1374 2815 1406 2867 et

203 2924 444 2987 necessitatum.
478 2923 615 3005 Ergone
646 2925 752 2986 sacius
782 2924 883 3006 paulo
914 2923 1051 2986 liberius
1081 2924 1343 3005 interpretemur
1367 2930 1404 2984 ut

204 3041 313 3105 Catus
345 3061 413 3104 non
446 3042 578 3104 dicatur
609 3050 644 3105 et
669 3042 740 3124 ipse
764 3062 822 3104 aes
845 3042 1055 3105 contraxisse
1079 3042 1237 3116 alienum,
1262 3042 1322 3103 sed
1346 3041 1405 3103 ad·

205 3160 309 3223 fuisse
342 3160 593 3234 tantummodo,
627 3179 704 3223 curn
737 3161 850 3223 denuo
875 3161 1054 3243 pecuniam
1080 3169 1233 3223 mutuam
1257 3169 1405 3223 sumeret

207 3278 298 3342 Libo
322 3286 357 3340 et
376 3298 472 3341 suam
492 3279 732 3361 interposuisse
753 3277 877 3342 fidem?
899 3278 1044 3341 Difficile
1064 3287 1115 3341 est
1136 3279 1323 3361 quidquam
1343 3298 1405 3361 pro

206 3408 304 3463 certo
334 3399 512 3473 affirmare,
544 3399 624 3480 quia
648 3406 722 3461 tota
747 3398 894 3461 narratio
919 3399 977 3460 vix
1002 3398 1103 3461 ullam
1127 3398 1232 3461 habet
1255 3399 1404 3481 speciem

206 3519 289 3582 veri.
322 3517 392 3579 Ain
423 3515 526 3579 vero?
559 3515 827 3580 Adolescentem
852 3518 895 3580 de
920 3517 1049 3579 insidiis
1073 3517 1212 3581 Tiberio
1236 3517 1407 3580 struendis

207 3658 251 3701 ne
272 3637 483 3720 cogitantem
503 3636 641 3717 quidem
662 3635 765 3698 Catus
785 3635 957 3718 impulerit
978 3645 1014 3699 ut
1034 3656 1074 3699 ea
1093 3644 1245 3718 speraret
1267 3655 1406 3717 exspec-

206 3765 367 3836 taretque
398 3774 485 3835 quae
518 3754 581 3836 ipsi
613 3752 746 3816 funesta
778 3763 875 3817 erant
898 3753 1019 3828 futura,
1044 3754 1155 3834 adque
1181 3773 1237 3815 eas
1261 3753 1406 3834 ineptias

207 3895 287 3938 eum
312 3875 357 3936 sit
379 3873 590 3947 adhortatus,
614 3892 702 3954 quae
726 3871 813 3935 illius
833 3873 905 3955 spei
926 3872 1052 3935 indicio
1073 3878 1195 3945 essent,
1217 3871 1320 3952 idque
1342 3871 1406 3934 hoc

208 3991 352 4056 consilio
376 3999 415 4054 ut
438 3991 510 4073 ipse
534 3990 667 4053 delator
691 3992 762 4053 eius
787 3991 857 4053 fieri
882 4000 998 4073 posset
1024 3999 1059 4053 et
1082 3991 1129 4052 sic
1154 3990 1238 4052 inire
1262 3991 1405 4072 gratiam

208 4110 348 4184 Tiberii,
374 4128 443 4191 quo
468 4128 570 4171 nemo
595 4128 745 4190 unquam
771 4109 833 4171 suit
856 4110 988 4172 sobrius
1012 4110 1119 4192 magis
1139 4117 1173 4172 et
1198 4107 1289 4188 „salsi
1310 4107 1408 4170 intel-

207 4225 370 4311 legens’'?
398 4226 565 4301 Proiecto,
590 4225 674 4289 haec
699 4228 812 4289 omnia
837 4227 863 4289 si
889 4227 968 4289 fecit
993 4227 1106 4302 CatuS,
1124 4227 1321 4310 prodigium
1346 4225 1407 4290 fuit

201 4345 394 4430 pravitatis
427 4342 550 4406 Tacito
585 4342 738 4405 Annales
772 4362 851 4405 suos
884 4344 1045 4407 scribenti
1078 4345 1316 4427 gratissimum,
1348 4344 1408 4405 sed

1250 4473 1265 4525 3
