3210 5274
698 406 759 475 295

131 567 239 632 νθντων
273 568 373 644 ἕσαθ’,
405 571 462 633 ubi
493 592 554 633 suo
584 572 654 635 iure
678 571 827 636 Sintenis
850 569 963 650 Νέρωνι
989 570 1171 634 delendum
1195 572 1323 646 statuit,

129 690 221 772 quod
264 709 331 751 non
374 690 461 752 bene
497 698 660 753 structam
695 691 899 754 sententiam
935 691 995 753 sed
1032 689 1324 771 perturbationem

129 809 302 891 quandam
337 808 576 871 vocabulorum
603 810 705 871 efficit
730 818 764 871 et
788 809 1003 872 durissimum
1028 809 1158 871 hiatum
1184 809 1323 872 inducit.

173 929 282 992 Galba
308 928 357 991 IX
395 927 627 1010 Nymphidius
658 929 788 991 Romae
822 948 882 1010 per
912 929 1040 990 amicos
1071 929 1161 990 viam
1192 928 1256 990 sibi
1280 928 1322 990 ad

128 1051 307 1131 imperium
334 1058 429 1130 parat
454 1057 489 1110 et
513 1069 616 1111 unum
642 1069 760 1111 eorum
785 1046 828 1117 εἷς
853 1046 991 1125 Ἰβηρίαν
1016 1045 1237 1126 insuperata}
1262 1069 1324 1109 ινα-

129 1168 219 1247 priten
245 1165 537 1247 κατασκεψόμενον.

176 1291 214 1353 ln
251 1291 315 1352 ista
350 1289 516 1372 farragine
552 1289 732 1351 verborum
765 1289 845 1370 quid
879 1286 1000 1350 lateret
1032 1288 1090 1350 diu
1121 1287 1242 1350 frustra
1273 1296 1325 1350 est

131 1411 333 1492 quaesitum,
352 1411 462 1472 donec
481 1409 622 1471 tandem
643 1408 826 1490 aliquando
848 1407 1019 1471 Sintenisii
1041 1408 1212 1489 ingenium
1226 1409 1324 1471 simul

131 1531 166 1593 et
191 1530 365 1592 historiam
391 1528 499 1591 morbi
525 1528 732 1614 perspiceret
753 1527 787 1589 et
807 1535 936 1589 certam
958 1527 1124 1589 inveniret
1145 1527 1324 1590 medelam.

131 1647 303 1731 Scriptum
329 1648 410 1710 olim
435 1647 560 1710 luerat:
582 1646 623 1717 εἷς
644 1645 784 1724 Ἰβηρίαν
806 1643 951 1725 ἔπεμψεν
971 1644 1023 1708 καὶ
1045 1645 1324 1725 κατασκεψόμενον

130 1777 164 1830 et
189 1768 298 1830 bonus
323 1766 443 1848 aliquis
464 1768 599 1829 criticus
620 1769 652 1829 in
675 1769 825 1850 margine
846 1776 1070 1830 annotaverat
1091 1765 1143 1829 καὶ
1165 1766 1324 1843 παρέλκει,

128 1889 188 1951 sed
223 1908 342 1970 parum
369 1887 493 1970 profuit
518 1887 715 1950 Plutarcho:
741 1896 815 1950 tota
837 1889 929 1950 enim
953 1889 1141 1963 annotatio,
1167 1898 1326 1970 corrupta

128 2009 272 2090 etipsa,
299 2008 331 2069 in
356 2016 489 2070 textum
514 2015 652 2089 recepta
675 2012 744 2069 est!
770 2005 880 2088 Quam
906 2006 1028 2069 vellem
1053 2028 1088 2068 se
1113 2007 1215 2070 talem
1239 2028 1325 2070 sem·

130 2148 191 2210 per
228 2125 431 2191 Sintenisius
467 2127 704 2208 praestitisset!
742 2125 830 2189 Nam
862 2146 950 2188 nunc
983 2125 1098 2202 Corai,
1131 2125 1325 2201 Schaeler0,

133 2248 271 2329 Bryano
304 2247 377 2309 aliis
409 2246 553 2328 egregiis
584 2247 708 2309 criticis
739 2244 960 2328 obloquendo
981 2266 1083 2328 saepe
1109 2245 1325 2309 Plutarchum

132 2367 231 2430 nobis
255 2366 547 2447 corruptissimum
572 2365 727 2428 exhibuit
751 2374 854 2447 atque
874 2366 1015 2428 omnino
1036 2386 1097 2447 pro
1119 2366 1203 2427 virili
1229 2374 1325 2449 parte

134 2487 224 2549 viam
245 2486 389 2548 munivit
406 2488 447 2548 ad
463 2485 554 2548 illam
568 2485 771 2567 ineptiarum
785 2483 1076 2548 defendendarum
1089 2485 1325 2567 methodumlt),

134 2626 222 2686 quae
247 2625 335 2667 nunc
361 2613 430 2667 tam
457 2605 638 2687 imperiose
662 2613 791 2686 regnat.

178 2725 272 2789 Otho
296 2725 381 2787 XVI
423 2724 516 2788 Otho
549 2723 659 2786 iratris
691 2724 797 2788 filium
829 2733 863 2787 et
893 2725 959 2787 alia
984 2734 1100 2788 monet
1124 2734 1158 2788 et
1183 2726 1265 2789 hoc:
1290 2747 1326 2789 se

133 2846 211 2907 ideo
237 2845 388 2907 nondum
412 2864 488 2906 eum
514 2844 696 2926 adoptasse
719 2843 796 2906 αλλ’
815 2841 1036 2918 ἀναβαλέσθαι
1057 2843 1258 2919 μνημονεύειν
1280 2840 1325 2908 ὅτι

132 2972 256 3044 Καῖσαρ
288 2965 396 3028 sileret
425 2965 480 3037 τὴν
511 2962 681 3037 εἰσποίησιν
712 2973 748 3028 ut
772 2985 886 3028 secum
912 2966 1041 3028 victore
1065 2976 1232 3048 regnaret,
1258 2988 1325 3029 non

133 3086 224 3148 victo
249 3086 411 3147 interiret.
437 3084 566 3158 Nullus,
592 3093 629 3146 ut
653 3085 785 3166 opinor,
805 3084 978 3166 scriptoris
998 3085 1122 3147 veteris
1142 3086 1235 3149 locus
1255 3095 1325 3150 tam

41 3211 44 3215 '
134 3204 273 3267 ridicule
295 3213 473 3286 corruptus
497 3212 559 3279 est,
584 3204 693 3266 nullus
717 3212 787 3266 tam
812 3211 904 3265 certa
928 3205 1168 3267 emendatione
1193 3207 1327 3269 restitu-

134 3332 187 3386 tus
218 3325 251 3387 in
285 3325 464 3405 integrum.
495 3321 689 3405 Sequuntur
714 3324 803 3385 enim
828 3322 911 3384 haec
937 3323 1128 3386 notissima:
1158 3326 1236 3403 ,sed
1261 3325 1326 3388 hoc

134 3464 214 3526 prae
245 3444 367 3506 ceteris
397 3453 442 3516 te,
476 3443 521 3504 mi
556 3442 612 3518 fili,
645 3462 768 3504 moneo
799 3443 881 3517 μήτε
909 3440 1110 3504 ἐπιλαθέσθαι
1135 3442 1324 3506 παντάπασι

135 3565 217 3637 μήτε
241 3561 328 3639 atym
354 3563 556 3637 μνημονεύειν
580 3557 626 3624 ὅτι
651 3559 795 3637 Καίσαρα
820 3560 895 3624 θεῖον
917 3557 1047 3639 ἔσχες.”
1068 3563 1156 3625 Hinc
1177 3565 1210 3625 in
1231 3585 1326 3646 prae-

134 3684 291 3746 cedentia
323 3683 522 3745 aberrarunt
547 3681 713 3744 vocabula
736 3680 937 3756 μνημονεύειν
962 3677 1007 3744 θτι
1034 3680 1189 3760 Καίσαρα,
1212 3704 1326 3766 super·

134 3804 227 3864 venit
252 3804 302 3865 vir
325 3813 444 3865 acutus
468 3803 525 3883 qui
551 3803 638 3863 istud
662 3799 863 3875 μνημονεύειν
888 3797 932 3863 ἔτι
959 3808 1104 3879 Καίσαρα
1128 3803 1233 3865 semel
1254 3811 1326 3866 tan·

135 3930 206 3984 tum
238 3922 315 3985 ferri
348 3943 447 4005 posse
478 3922 685 4004 perspiciens
716 3930 913 3983 annotaret:
950 3923 1080 4000 ,exime
1112 3921 1239 4003 (ιὶθέτει)
1264 3922 1326 3985 ista

133 4064 168 4117 μ.
190 4040 215 4104 θ.
236 4041 305 4115 Ι(.”,
331 4043 391 4103 sed
413 4050 544 4103 mutato
565 4041 659 4103 verbi
680 4038 783 4102 ιὶθέτει
803 4049 945 4103 accentu
966 4049 1039 4104 tota
1060 4044 1131 4105 eius
1149 4044 1327 4106 annotatio

133 4162 245 4224 verbis
269 4161 422 4223 insiticiis
447 4160 534 4223 ultro
559 4169 609 4222 est
633 4162 776 4223 adiecta.
802 4161 979 4242 Perspexit
999 4182 1071 4224 rem
1091 4154 1327 4226 et'Plutarcho

133 4282 276 4344 salutem
298 4279 412 4342 attulit
433 4278 642 4343 Schaelerus
665 4278 757 4342 Scire
779 4279 943 4361 pervelim
965 4301 1034 4362 quo
1055 4283 1159 4344 modo
1173 4283 1327 4346 hodierni

132 4402 225 4464 docti
261 4397 557 4479 „conservatores”
590 4397 773 4460 lectionem
805 4399 966 4461 traditam
1002 4401 1199 4466 defendant.
1238 4402 1326 4466 Nam
