3210 5274
774 425 833 491 147

202 586 366 670 prolatae,
402 587 487 651 aliae
524 588 694 652 indicatae
729 598 817 665 sunt,
853 590 1019 653 eiusmodi
1051 589 1154 652 etiam
1185 589 1312 651 addere
1344 608 1397 649 su·

201 707 381 790 spiciones,
406 707 506 789 longe
530 708 718 783 arcessitas,
742 718 861 791 aperta
885 729 961 772 cum
987 709 1269 792 praecedentibus
1289 707 1400 770 fronte

203 834 405 909 pugnantes,
436 826 482 889 ab
513 827 587 909 ipsa
619 827 841 891 abhorrentes
873 828 1021 892 humana
1044 828 1169 904 indole,
1195 848 1263 890 non
1287 827 1400 909 gravis

202 952 306 1026 atque
327 945 457 1008 veracis
475 954 527 1009 est
547 946 698 1009 historici
718 947 779 1009 sed
801 947 987 1011 maledicae
1008 946 1234 1010 mulierculae.
1259 946 1311 1009 En
1332 965 1400 1027 quo

203 1072 239 1125 te
262 1064 365 1127 ducat
388 1064 478 1128 istud
503 1065 631 1128 Tiberii
656 1085 733 1128 cum
759 1066 957 1129 Domitiano
981 1066 1188 1142 conferendi,
1213 1065 1266 1129 vel
1288 1066 1401 1148 potius

204 1182 447 1260 confundendi,
472 1186 640 1249 studium!
660 1216 666 1225 ·

249 1303 342 1379 Ann,
372 1303 416 1380 II,
447 1306 498 1386 38.
531 1304 664 1369 Marcus
697 1306 869 1382 Hortalus,
902 1307 1045 1369 oratoris
1076 1305 1251 1369 Hortensii
1284 1325 1400 1387 nepos,

204 1433 308 1506 atque
340 1425 481 1489 omnino
513 1446 621 1509 nepos
651 1427 878 1509 (agnoscimus
909 1427 1000 1489 enirn
1031 1446 1075 1489 ex
1106 1433 1180 1489 tota
1210 1425 1402 1488 narratione
1464 1428 1472 1441 '

206 1543 379 1607 hominem
417 1564 574 1627 nequam,
611 1546 668 1628 qui
700 1547 817 1629 inepta
848 1545 980 1609 luxuria
1011 1546 1253 1628 patrimonium
1285 1544 1403 1627 dilapi-

207 1663 318 1745 darit),
346 1684 555 1746 quamquam
578 1665 684 1728 semel
708 1665 775 1728 iarn
799 1666 922 1747 insigni
946 1664 1149 1727 liberalitate
1173 1664 1320 1746 Augusti
1345 1664 1404 1726 ad·

206 1782 295 1845 iutus
319 1791 381 1858 cst,
406 1791 589 1865 postquam
613 1784 787 1866 ingentem
807 1803 944 1866 quoque
964 1783 1056 1847 illam
1077 1784 1256 1865 pecuniam
1278 1783 1405 1866 (decies

207 1899 315 1964 fuerat
346 1902 552 1984 sestertium)
584 1903 709 1966 insanis
737 1902 888 1985 profudit
911 1903 1113 1985 sumptibus,
1139 1904 1261 1966 iterum
1287 1911 1404 1986 petere

208 2030 244 2083 ut
274 2020 339 2083 sibi
371 2042 415 2084 ex
446 2022 577 2086 aerario
609 2022 830 2085 subveniatur
854 2043 922 2085 non
947 2031 1098 2099 veretur;
1124 2022 1335 2086 lacrimosam
1360 2023 1404 2086 ad

208 2149 362 2204 senatum
395 2140 500 2204 habet
522 2142 714 2205 orationem
738 2151 773 2204 et
797 2139 839 2204 rai
864 2138 1016 2217 παιδάρια
1040 2140 1176 2204 ἀνέλκει.
1204 2141 1406 2225 Respondet

209 2259 338 2323 homini
371 2260 528 2324 Tiberius
552 2262 706 2325 oratione
731 2261 831 2345 plena
857 2263 1068 2345 prudentiae,
1093 2261 1194 2345 plena
1219 2261 1407 2343 dignitatis,

209 2380 242 2443 in
266 2399 334 2462 qua
358 2381 475 2443 omnia
499 2389 577 2443 sunt
603 2382 749 2464 egregia,
774 2381 857 2445 haec
881 2390 996 2444 tamen
1023 2382 1076 2445 vel
1101 2381 1406 2465 praestantissima:

256 2499 356 2579 ,Non
382 2520 500 2582 preces
523 2509 602 2564 sunt
626 2501 725 2575 istud,
751 2501 811 2564 sed
837 2501 1044 2583 efflagitatio
1071 2501 1311 2583 intempestiva
1335 2499 1409 2582 qui·

208 2618 289 2681 dem
321 2627 357 2682 et
387 2620 581 2702 improvisa,
614 2640 691 2684 cum
723 2620 796 2683 aliis
828 2621 870 2683 de
902 2620 1003 2683 rebus
1034 2621 1256 2683 convenerint
1284 2628 1408 2703 patres,

207 2758 414 2820 consurgere
445 2747 480 2802 et
512 2760 653 2804 numero
685 2750 787 2822 atque
819 2749 932 2804 aetate
960 2740 1104 2803 liberum
1128 2759 1264 2802 suorum
1289 2759 1409 2822 urgere

206 2859 415 2922 modestiam
440 2867 587 2934 senatus,
612 2860 757 2923 eandem
783 2861 850 2923 vim
875 2859 908 2923 in
931 2880 985 2923 me
1006 2861 1235 2922 transmittere
1255 2879 1296 2921 ac
1317 2858 1409 2921 velut

204 2976 421 3060 perfringere
452 2979 629 3053 aerarium,
662 2981 755 3060 quod
786 2980 814 3041 si
844 2979 1032 3041 ambitione
1060 2978 1323 3053 exhauserimuS‚
1349 2998 1410 3061 per

200 3095 322 3160 scelus
352 3097 561 3179 explendum
594 3100 668 3161 crit.
701 3097 916 3179 Languescet
943 3097 1069 3180 alioqui
1094 3098 1259 3160 industria
1268 3123 1276 3173 ;
1303 3098 1412 3161 inten-

201 3217 313 3280 detur
344 3218 511 3292 socordia,
543 3217 571 3279 si
603 3217 713 3280 nullus
744 3218 798 3300 (an
826 3217 945 3299 nullill
970 3238 1073 3281 exse
1099 3225 1209 3281 metus
1232 3225 1291 3279 aut
1315 3238 1411 3300 spes;

201 3344 245 3400 et
282 3337 391 3398 securi
426 3356 546 3400 omnes
580 3336 690 3400 aliena
725 3337 875 3400 subsidia
910 3338 1154 3419 expectabunt,
1190 3337 1253 3399 sibi
1288 3338 1413 3418 ignavi,

201 3455 315 3519 nobis
337 3455 493 3537 graves.”

255 3573 345 3656 Quis
368 3595 518 3657 unquam
543 3576 701 3658 princeps
726 3576 844 3639 melius
865 3576 1000 3638 obstitit
1019 3575 1236 3658 indignorum
1257 3573 1414 3657 precibus

202 3693 481 3777 impudentibus,
505 3696 580 3777 quis
604 3715 663 3758 eos
687 3695 859 3778 redarguit
883 3695 1037 3758 oratione
1061 3715 1123 3777 pro
1146 3715 1182 3757 se
1207 3694 1415 3769 honestiore,

204 3835 278 3897 pro
311 3814 486 3896 republica
518 3813 673 3878 utiliore?
705 3814 796 3897 Quid
829 3835 911 3897 ergo
942 3815 1113 3879 attinebat
1143 3814 1301 3877 acerbam
1327 3813 1415 3877 hanc

206 3935 438 4016 praemittere
464 3935 800 4019 interpretationem:

262 4054 466 4135 „Inclinatio
489 4064 627 4118 senatus
651 4056 911 4118 incitamentum
936 4055 1075 4117 Tiberio
1095 4053 1166 4128 fuit,
1187 4074 1256 4135 quo
1276 4075 1414 4136 promp-

209 4175 283 4237 tius
301 4175 550 4249 adversaretur,
571 4172 623 4235 his
644 4174 757 4237 verbis
777 4171 890 4236 usus’'?
912 4172 1027 4235 Habet
1043 4172 1197 4254 profecto
1211 4173 1284 4254 ipsa
1296 4175 1417 4249 oratio,

215 4312 285 4376 quo
317 4315 355 4357 se
387 4293 550 4357 defendat
581 4297 884 4376 commendetque;
917 4295 978 4356 sed
1009 4295 1036 4356 si
1063 4314 1179 4355 verum
1211 4303 1301 4356 esset
1324 4295 1417 4375 quod

219 4413 342 4479 infesto
362 4413 503 4477 Tacitus
523 4412 620 4495 fingit
639 4415 764 4489 animo,
785 4415 813 4476 si
833 4413 990 4476 Tiberius
1010 4414 1087 4475 ideo
1110 4411 1243 4475 Hortali
1263 4413 1420 4495 precibus
