3292 5280
794 367 839 429 44

223 530 290 592 fide
314 537 392 592 ante
417 529 605 592 Germanos
628 550 701 592 esse
725 530 928 605 exclamant,
949 529 1255 612 digrediunturque
1274 539 1313 594 et
1334 532 1420 595 inter

223 659 336 732 patres
360 649 551 711 considunt.

267 767 334 831 Sed
367 775 543 848 praeterea
572 767 705 847 quoties
730 768 763 829 in
788 787 859 829 rem
884 766 1013 841 incidit,
1038 786 1228 848 quaecum
1255 769 1323 831 risu
1350 790 1420 838 nare

222 887 286 948 rari
312 885 417 966 possit
442 885 645 966 debeatque,
668 906 800 948 summa
823 904 899 949 eam
921 884 1049 968 profert
1068 887 1249 966 gravitate,
1270 888 1321 950 sic
1342 908 1421 951 non·

224 1024 396 1086 nunquam
429 1003 516 1066 ultro
548 1005 701 1067 indicans
724 1025 759 1068 se
783 1006 831 1067 rei
856 1005 1024 1068 rationem
1049 1024 1167 1087 parum
1192 1008 1419 1089 perspexisse,

225 1124 394 1206 Exemplo
420 1144 492 1186 esse
516 1133 630 1206 potest
653 1125 745 1205 quod
770 1125 791 1187 l.
817 1124 867 1186 XI
891 1145 920 1186 c.
947 1139 989 1187 20
1014 1124 1153 1206 legitur:

269 1243 341 1305 Nec
374 1242 480 1306 multo
512 1252 590 1325 post
622 1243 756 1306 Curtius
789 1242 896 1306 Rufus
924 1244 1071 1306 eundem
1096 1243 1264 1306 honorem
1289 1245 1349 1325 (sc.
1375 1247 1420 1308 in·

223 1363 331 1443 signia
362 1363 536 1444 triumphi)
565 1363 772 1444 adipiscitur,
798 1363 855 1443 qui
880 1362 914 1424 in
939 1381 1020 1443 agro
1045 1360 1212 1424 Mattiaco
1237 1362 1419 1427 recluserat

223 1501 345 1563 specus
376 1482 577 1562 quaerendis
605 1481 700 1543 venis
722 1481 870 1562 argenti;
896 1480 987 1542 unde
1011 1479 1122 1542 tenuis
1146 1479 1276 1543 fructus
1299 1502 1364 1545 nec
1388 1485 1419 1546 in

224 1600 363 1681 longum
393 1599 465 1675 suit,
490 1609 524 1661 at
548 1599 737 1681 legionibus
762 1619 838 1662 cum
864 1599 990 1662 damno
1014 1598 1120 1674 labor,
1144 1598 1296 1661 effodere
1321 1601 1419 1673 rivos,

226 1739 381 1801 quaeque
406 1719 439 1780 in
464 1728 583 1800 aperto
603 1718 728 1800 gravia,
750 1718 889 1780 humum
911 1716 997 1779 inira
1017 1716 1136 1779 moliri.
1157 1715 1243 1798 Quis
1262 1719 1422 1782 subactus

228 1836 332 1910 miles,
369 1845 403 1899 et
439 1837 517 1919 quia
552 1837 665 1919 plures
700 1857 761 1918 per
796 1836 987 1919 provincias
1021 1835 1143 1898 similia
1177 1837 1422 1912 tolerabantur,

228 1957 404 2038 componit
444 1956 593 2019 occultas
628 1957 743 2019 literas
780 1957 916 2019 nomine
951 1955 1172 2031 exercituum,
1209 1959 1422 2038 precantium

228 2079 478 2157 imperatorem,
510 2083 547 2136 ut
578 2075 700 2156 quibus
731 2075 953 2157 permissurus
983 2082 1073 2138 esset
1102 2077 1282 2150 exercitus,
1307 2076 1423 2140 trium·

227 2193 340 2276 phalia
365 2201 443 2255 ante
467 2193 641 2256 tribueret.

274 2312 490 2393 Perspicuum
504 2314 610 2393 magis
625 2321 675 2374 est
686 2315 778 2394 quod
789 2313 910 2395 legitur
919 2314 1011 2396 apud
1022 2312 1222 2378 Suetonium
1233 2312 1355 2378 Claud.
1366 2331 1422 2394 24:

272 2430 515 2512 (Triumphalia
539 2440 739 2494 ornamenta
762 2440 833 2494 tarn
858 2432 953 2495 facile
979 2433 1085 2514 dedit)
1108 2440 1145 2495 ut
1165 2434 1311 2516 epistola
1331 2454 1423 2497 com·

229 2551 320 2613 muni
352 2549 523 2632 legionum
556 2553 692 2614 nomine
720 2554 888 2616 exstiterit
913 2554 1112 2634 petentium,
1137 2562 1174 2615 ut
1190 2553 1319 2635 legatis
1344 2575 1423 2617 con·

227 2671 392 2734 sularibus
415 2671 513 2734 simul
538 2692 613 2733 curn
639 2673 789 2735 exercitu
812 2682 846 2735 et
864 2673 1082 2755 triumphalia
1101 2673 1264 2737 darentur
1285 2695 1328 2737 ne
1347 2694 1425 2737 cau·

228 2811 300 2854 sam
324 2791 402 2854 belli
428 2812 567 2873 quoquo
592 2794 695 2855 modo
720 2801 933 2873 quaererent.

272 2910 339 2974 Sed
372 2912 472 2974 risum
499 2920 640 2992 uterque
666 2920 781 2973 movet
807 2912 913 2992 magis
937 2931 1039 2994 quam
1063 2911 1120 2992 qui
1145 2930 1297 2992 unquam
1321 2913 1425 2975 risum

227 3031 388 3111 captavit,
422 3032 502 3092 dum
528 3039 703 3111 tamquam
728 3030 854 3093 sactum
880 3030 1099 3093 memorabile
1123 3029 1225 3092 refert
1248 3032 1425 3094 scurrilem

229 3149 507 3230 petulantemque
540 3151 683 3213 militum
708 3151 831 3211 iocum.
856 3150 945 3212 Nam
969 3150 1062 3211 iocus
1086 3148 1140 3211 ille
1165 3148 1237 3224 suit,
1264 3152 1425 3232 paucissi-

229 3288 360 3328 morum
381 3266 520 3330 fortasse
543 3270 696 3344 militum,
718 3270 807 3331 haud
828 3268 998 3331 dissimilis
1017 3268 1064 3330 illi
1085 3289 1153 3350 quo
1176 3278 1299 3351 postea
1310 3270 1427 3334 Traia·

229 3407 309 3449 num
330 3386 476 3449 ludibrio
497 3388 688 3451 habuerunt
708 3398 821 3471 patres
834 3389 1026 3470 conscripti.
1042 3388 1129 3451 Nam
1143 3408 1221 3451 cum
1234 3388 1426 3454 identidem

228 3504 341 3567 literas
365 3504 531 3568 laureatas
554 3528 573 3569 a
599 3509 750 3589 principe
771 3508 976 3589 acciperent,
997 3526 1107 3589 neque
1128 3508 1351 3589 pronuntiare
1372 3509 1426 3572 vel

230 3626 392 3687 memoria
423 3627 567 3688 retinere
599 3635 737 3708 possent
768 3626 913 3689 barbara
945 3628 1082 3689 nomina
1105 3627 1270 3707 gentium,
1296 3647 1426 3709 quasa

228 3765 263 3806 se
296 3746 448 3807 devictas
471 3745 525 3807 ille
551 3745 738 3818 nuntiabat,
764 3745 1092 3808 senatusconsultum
1118 3744 1244 3808 iactum
1267 3754 1339 3808 est:
1370 3755 1427 3826 „ut

229 3863 393 3926 Traianus
417 3865 459 3926 de
484 3872 567 3945 quot
592 3863 781 3944 quibusque
806 3864 878 3944 ipse
900 3862 1001 3925 vellet
1023 3863 1156 3945 populis
1175 3862 1427 3945 triumpharet”

230 3983 309 4062 (Dio
335 3983 371 4046 C.
397 3984 450 4058 68,
478 3984 542 4064 29).

274 4101 370 4163 Idem
395 4103 613 4164 statuendum
638 4103 772 4163 videtur
796 4102 839 4163 de
864 4100 939 4163 loco
966 4100 1009 4163 H.
1034 4100 1078 4174 II,
1103 4118 1164 4183 91:

278 4220 468 4298 ,Veniebat
494 4221 527 4281 in
551 4229 705 4283 senatum
731 4218 923 4300 (Vitellius),
948 4221 1051 4296 etiam
1076 4240 1153 4283 cum
1178 4220 1291 4302 parvis
1312 4221 1355 4282 de
1377 4241 1428 4283 re·

229 4338 291 4400 bus
315 4349 428 4420 patres
452 4338 724 4411 consulerentur;
748 4359 788 4401 ac
812 4339 899 4401 forte
925 4338 1054 4402 Priscus
1077 4339 1265 4415 Helvidius
1287 4350 1427 4422 praetor
