3210 5274
775 399 836 467 ²53

244 565 435 640 Britannos,
466 582 552 646 quos
585 563 730 626 Romani
762 563 905 646 imperio
935 585 997 627 suo
1021 565 1186 627 subiicere
1211 566 1315 628 etiam
1340 586 1395 628 co·

203 692 332 757 namur,
359 683 547 766 perduelles
576 703 697 747 vocare
722 685 793 746 eius
817 692 878 759 est,
903 684 960 765 qui
985 685 1019 746 in
1042 685 1303 766 antiquitatibus
1328 686 1395 748 Ro·

204 803 310 865 manis
341 812 444 885 atque
474 803 563 867 adeo
595 804 628 865 in
659 823 815 866 sermone
841 803 965 865 Latino
989 802 1113 886 hospes
1136 804 1189 865 sit.
1215 804 1291 866 Iure
1315 825 1396 887 ergo

152 936 155 947 ’
203 941 263 1004 pro
281 922 509 1005 perduellibus
533 922 688 986 Halmius
709 923 855 985 coniecit
874 923 1056 998 rebellibus,
1076 924 1136 986 sed
1157 943 1217 1005 pro
1235 923 1396 987 laudabili

202 1041 397 1104 coniectura
420 1042 592 1124 egregiam
616 1042 826 1105 exhibuisset
851 1043 1137 1118 emendationem,
1161 1045 1188 1106 si
1213 1064 1275 1125 pro
1294 1045 1397 1107 domi-

201 1161 244 1224 tis
256 1161 484 1244 perduellibus
501 1162 602 1224 scribi
623 1162 772 1224 iussisset
784 1162 985 1244 perdomitis
995 1162 1177 1226 rebellibus.
1199 1162 1393 1243 Postquam,

202 1280 292 1361 quod
317 1278 415 1343 facile
440 1279 510 1343 fieri
536 1288 671 1363 poterat
695 1289 731 1343 et
754 1301 856 1364 saepe
877 1280 1085 1356 factumest,
1108 1282 1316 1365 praepositio
1331 1294 1397 1365 per

202 1400 235 1462 in
265 1399 412 1463 alienam
444 1400 615 1463 aberravit
646 1402 774 1475 sedem,
797 1400 1036 1484 perrebelllbus
1060 1400 1124 1483 (vel
1143 1402 1394 1483 perreuellzbus)

201 1520 282 1600 quin
306 1520 340 1582 in
358 1520 585 1604 perduellibus
608 1521 766 1584 transiret
790 1521 848 1582 vix
872 1519 943 1582 fieri
969 1529 1114 1602 poterat.
1146 1518 1195 1583 Cl.
1222 1520 1316 1594 XIV,
1342 1521 1396 1596 60,

201 1638 257 1701 ubi
278 1639 312 1701 in
334 1639 452 1703 codice
473 1639 610 1722 legitur:
633 1639 834 1720 ,Eucaerus
848 1641 985 1702 natione
999 1638 1263 1714 Alexandrinus,
1276 1660 1397 1703 canere

201 1758 376 1839 pertybias
396 1758 552 1822 doctus.”
572 1760 687 1841 Vulgo
706 1761 834 1823 editur:
860 1779 999 1839 ,canere
1021 1758 1114 1821 tibiis
1134 1758 1288 1834 doctus”,
1309 1780 1396 1842 quae

202 1885 252 1938 est
283 1877 479 1941 emendatio
509 1879 695 1942 admodum
727 1879 850 1941 audax.
882 1878 954 1941 Aut
979 1899 1033 1942 me
1058 1877 1177 1941 fallunt
1201 1880 1315 1942 omnia
1338 1890 1397 1942 aut

202 1994 384 2077 legendum
408 2006 476 2060 est:
501 2019 618 2062 canere
640 1999 731 2062 tibit's
748 1999 935 2081 perdoctus.

245 2232 291 2295 A.
316 2234 413 2310 XIV,
440 2249 491 2315 52.
525 2235 662 2298 Mortuo
691 2236 797 2299 Burro
820 2238 976 2300 certatim
1001 2238 1057 2319 qui
1083 2238 1116 2300 in
1142 2237 1315 2320 republica
1338 2240 1395 2302 de·

202 2353 343 2416 teriores
367 2362 464 2416 erant
487 2352 654 2418 Senecam
678 2355 847 2417 criminari
872 2356 1054 2438 incipiunt,
1082 2359 1310 2439 arrogantiam
1334 2359 1395 2422 im·

202 2473 460 2555 potentiamque
496 2474 567 2536 eius
602 2475 833 2557 perstringunt
841 2502 849 2548 ;
884 2474 950 2537 hoc
986 2496 1066 2558 prae
1098 2477 1219 2539 ceteris
1249 2478 1280 2539 ei
1313 2477 1396 2539 vitio

202 2590 284 2653 dant
307 2592 401 2673 quod
425 2593 578 2655 omnium
603 2613 725 2668 rerum,
753 2593 876 2674 quibus
899 2593 1089 2657 delectetur
1113 2594 1217 2670 Nero,
1240 2615 1396 2658 severum

201 2717 279 2790 agat
302 2729 499 2774 censorem:

248 2828 357 2907 ,Nam
388 2829 651 2894 oblectamentis
682 2832 844 2915 principis
876 2832 987 2915 palam
1020 2834 1173 2915 iniquum
1205 2836 1396 2897 detrectare

203 2948 269 3011 vim
302 2949 375 3011 eius
398 2969 507 3031 equos
530 2952 688 3032 regentis,
713 2950 855 3014 illudere
879 2972 981 3015 voces
1005 2953 1141 3033 (rectius
1166 2952 1319 3016 Muretus
1340 2974 1396 3017 uo·

203 3068 278 3148 cem)
312 3070 473 3150 quotiens
503 3080 651 3133 caneret
687 3069 799 3151 Quem
831 3072 874 3133 ad
907 3070 1009 3134 finem
1041 3071 1124 3135 nihil
1156 3073 1191 3136 in
1222 3072 1397 3155 republica

203 3185 329 3249 clarum
351 3185 434 3263 fore,
458 3189 550 3270 quod
576 3208 645 3251 non
667 3188 712 3251 ab
736 3190 794 3252 illo
818 3191 957 3272 reperiri
982 3189 1181 3253 credatur?”

244 3305 410 3388 Quamvis
444 3307 569 3370 fuerint
602 3328 698 3370 acres
731 3308 765 3371 hi
802 3309 953 3373 Senecae
988 3310 1246 3392 vituperatores,
1277 3321 1391 3373 tamen

203 3427 361 3491 credibile
393 3447 461 3489 non
493 3437 546 3489 est
576 3437 708 3490 tantam
740 3427 815 3490 illos
845 3429 876 3490 ei
903 3428 1069 3490 obiecisse
1094 3430 1332 3511 arrogantiam,
1357 3439 1394 3491 ut

203 3555 354 3627 repertor
372 3556 476 3628 atque
495 3549 655 3610 inventor
672 3549 779 3610 videri
797 3548 899 3611 vellet
917 3549 1069 3611 omnium
1083 3549 1247 3612 bonarum
1260 3550 1394 3622 artium,

203 3665 323 3744 quibus
340 3666 413 3728 sine
433 3666 543 3729 barnae
561 3687 642 3729 suae
662 3667 871 3730 detrimento
890 3688 1030 3750 operam
1051 3669 1132 3730 dare
1153 3678 1269 3749 posset
1290 3668 1394 3731 Nero.

204 3780 260 3846 Sat
282 3804 388 3866 grave
411 3785 479 3847 iam
502 3787 671 3867 estquod
696 3786 798 3868 paulo
821 3795 900 3848 ante
925 3786 1076 3850 Senecae
1096 3786 1278 3848 obiiciunt:
1307 3787 1395 3865 ,elo-

202 3905 359 3984 quentiae
380 3903 517 3966 laudem
534 3906 593 3966 uni
617 3905 681 3967 sibi
705 3905 870 3966 asciscere
893 3915 928 3965 et
952 3906 1102 3966 carmina
1125 3905 1276 3967 crebrius
1300 3905 1394 3967 sacti·

201 4030 280 4098 tare,
309 4031 493 4104 postquam
517 4023 646 4086 Neroni
668 4043 766 4085 amor
789 4042 906 4083 eorum
932 4022 1111 4095 venisset”,
1134 4036 1170 4084 et
1194 4044 1297 4104 quam
1322 4024 1394 4086 lon·

201 4161 276 4223 gum
299 4142 391 4204 inter
414 4141 479 4204 boc
497 4143 627 4204 crimen
648 4152 684 4203 et
704 4141 786 4203 illud
805 4152 957 4222 repertae
974 4138 1191 4220 eloquentiae
1212 4146 1392 4226 pesteque

200 4262 239 4322 sit
269 4260 487 4324 intervallum
518 4263 663 4342 quisque
695 4263 800 4323 videt.
833 4257 924 4338 Quid
948 4260 1053 4338 quod,
1086 4263 1111 4321 si
1136 4272 1250 4325 tamen
1276 4274 1393 4324 nostro

200 4376 272 4442 loco
294 4380 464 4442 eiusmodi
488 4380 651 4443 voluisset
673 4381 800 4461 aliquid
825 4378 974 4450 Tacitus
1003 4398 1070 4439 non
1096 4384 1283 4462 praesentis
1307 4394 1393 4441 tem·
