3292 5280
785 393 850 456 240

223 559 382 621 Romanis
401 558 483 621 socii
504 558 635 640 possint
654 557 757 620 atteri
775 557 830 638 (de
851 557 898 619 rei
919 556 1008 619 enim
1026 555 1197 620 familiaris
1210 558 1420 622 detrimento

176 698 180 704 ·
224 678 306 742 illud
330 678 472 740 verbum
493 677 685 760 adhibetur)
707 675 875 757 intelligit,
897 696 1008 757 neque
1028 677 1147 739 ordine
1168 678 1326 759 procedit
1345 687 1421 741 tota

224 799 382 860 narratio.
403 797 551 871 Etenim,
572 816 650 859 cum
671 797 718 858 sic
738 805 828 859 esset
847 796 1105 878 disputandum:
1130 798 1313 878 ,quoniam
1325 818 1421 860 arma

223 918 463 980 tantummodo
494 925 528 979 et
560 918 650 978 viros
682 917 761 998 (non
793 916 984 998 pecuniam)
1017 916 1256 979 ministrabant
1288 910 1421 990 Batavi,

224 1056 292 1099 non
312 1034 579 1110 atterebantur”,
600 1037 770 1100 contrario
790 1055 879 1098 nunc
900 1035 1004 1098 modo
1025 1037 1244 1099 ratiocinatur
1256 1039 1418 1119 scriptor:

228 1157 408 1238 ,quoniam
440 1176 508 1218 non
539 1155 646 1220 attriti
671 1163 777 1231 erant,
802 1176 896 1246 arma
919 1158 1159 1219 tantummodo
1183 1166 1219 1220 et
1243 1159 1334 1220 viros
1357 1157 1419 1219 im·

224 1277 319 1359 perio
344 1274 612 1350 ministrabant,‘’
644 1276 736 1358 quod
761 1277 930 1357 quamsit
954 1275 1137 1339 absurdum
1164 1297 1232 1340 non
1256 1297 1344 1359 opus
1368 1286 1419 1340 est

225 1397 469 1460 demonstrare.
501 1396 645 1459 Rectam
677 1395 881 1458 emendandi
914 1395 1183 1459 viamVlietius
1214 1405 1330 1459 noster
1362 1397 1418 1459 de-

226 1517 437 1592 monstravit,
469 1516 617 1578 delendo
648 1516 823 1591 Romam&
857 1515 917 1577 sed
949 1515 997 1578 sic
1027 1535 1165 1597 quoque
1196 1516 1289 1598 quod
1315 1523 1419 1579 restat

225 1637 313 1698 iusto
338 1637 452 1699 durius
472 1645 540 1698 est:
561 1636 711 1699 societate
730 1635 819 1697 enirn
840 1633 1019 1711 ablativus,
1040 1654 1158 1698 causae
1177 1655 1266 1717 quae
1285 1635 1418 1712 dicitur,

225 1757 299 1831 erit,
319 1765 354 1818 at
374 1757 487 1839 opibus
505 1755 674 1818 ablativus
687 1756 812 1838 partis.
834 1754 1004 1836 Equidem
1025 1763 1060 1817 et
1078 1754 1190 1836 opibus
1209 1763 1244 1817 et
1260 1757 1420 1818 Romanis

226 1897 244 1939 e
269 1878 420 1958 margine
445 1879 478 1939 in
503 1885 636 1939 textum
661 1876 834 1958 irrepsisse
858 1895 992 1951 censeo,
1017 1896 1036 1938 e
1060 1876 1191 1938 duabus
1215 1885 1296 1939 nata
1315 1897 1421 1939 anno·

225 1996 428 2060 tationibus:
463 1997 507 2059 ad
537 1996 741 2059 validiorum
772 1995 952 2078 adscripsit
982 1995 1120 2077 aliquis:
1158 1995 1300 2076 „Rom”
1333 1997 1366 2078 (i.
1391 2017 1420 2059 e.

227 2117 486 2197 Romanorum),
518 2115 562 2178 ad
594 2116 724 2179 attriti:
760 2114 922 2197 „opibus”
955 2116 1004 2197 (ut
1034 2115 1240 2197 significaret
1271 2117 1315 2179 ad
1348 2136 1419 2179 rem

226 2235 424 2299 familiarem
455 2234 537 2297 illud
570 2235 711 2298 verbum
736 2236 927 2317 pertinere).
953 2234 1021 2299 Sed
1045 2243 1150 2298 restat
1173 2234 1301 2316 aliquid
1327 2237 1419 2317 quod

226 2358 377 2419 nondum
409 2377 429 2418 a
460 2374 632 2436 quoquam
665 2375 737 2417 esse
766 2355 984 2417 observatum
1009 2355 1128 2417 miror:
1152 2362 1190 2417 ut
1214 2363 1307 2417 totus
1331 2375 1421 2417 nunc

225 2474 319 2538 locus
343 2476 431 2537 bene
455 2476 622 2550 decurrat,
646 2475 886 2537 emendatione
911 2494 997 2557 opus
1020 2482 1081 2548 est,
1103 2495 1170 2556 qua
1190 2474 1298 2537 lenior
1320 2475 1421 2566 nulla,

224 2595 251 2656 si
276 2595 342 2657 iam
367 2593 562 2656 emendatio
586 2594 652 2655 dici
679 2601 793 2675 potest
814 2613 902 2656 nova
923 2593 1103 2656 verborum
1123 2594 1314 2657 distinctio:
1337 2594 1420 2657 illud

228 2715 338 2796 „viros
368 2722 500 2776 tantum
525 2733 686 2794 armaque
710 2713 854 2794 imperio
878 2712 1137 2776 ministrabant'’
1161 2714 1196 2776 in
1212 2715 1418 2798 parenthesi,

227 2843 262 2896 ut
295 2834 428 2908 dicitur,
454 2841 505 2895 est
529 2832 776 2907 collocandum,
802 2841 839 2894 ut
862 2852 922 2895 sua
946 2833 1051 2896 verba
1074 2833 1147 2914 ipse
1171 2834 1347 2916 explicans
1373 2836 1421 2896 in·

227 2954 370 3016 ducatur
400 2952 548 3014 Tacitus.
582 2951 671 3014 Vide
704 2972 806 3034 quam
838 2951 926 3015 bene
956 2972 1045 3015 nunc
1076 2954 1190 3016 omnia
1213 2954 1421 3017 cohaereant

226 3082 261 3135 et
286 3094 387 3154 quarn
413 3074 479 3135 sint
504 3074 698 3155 perspicua:
728 3072 820 3152 „Nec
845 3072 1008 3135 societate
1028 3072 1228 3135 validiorum
1249 3074 1358 3136 attriti
1379 3110 1423 3118 —

227 3195 316 3255 viros
347 3202 480 3255 tantum
504 3212 666 3274 armaque
691 3192 834 3273 imperio
858 3192 1096 3255 ministrabant
1119 3229 1172 3267 -,
1199 3193 1257 3255 diu
1283 3191 1424 3255 Germa-

227 3313 310 3375 nicis
334 3312 431 3375 bellis
455 3313 604 3387 exerciti,
627 3332 708 3374 mox
727 3319 827 3374 aucta
847 3332 908 3394 per
927 3311 1136 3375 Britanniam
1157 3312 1264 3394 gloria
1284 3332 1314 3374 e.
1328 3333 1361 3395 q.
1374 3312 1423 3376 s.”

272 3432 316 3494 H.
338 3431 398 3505 lV,
423 3432 473 3513 36.
499 3431 588 3494 Dum
610 3431 752 3506 Vocula,
773 3431 831 3512 qui
849 3432 953 3494 modo
966 3432 1095 3495 Vetera
1107 3433 1197 3496 haud
1210 3434 1422 3515 improspere

226 3560 344 3614 contra
368 3550 484 3614 Civilis
509 3552 674 3632 impetum
699 3550 908 3626 defenderat,
934 3571 1011 3614 cum
1037 3572 1159 3634 magna
1183 3561 1281 3636 parte
1307 3554 1421 3636 copia·

227 3691 298 3733 rurn
324 3670 565 3733 frumentatum
589 3671 704 3732 abest:

273 3791 415 3870 ,iterum
439 3788 459 3872 ¹)
492 3788 607 3852 Civilis
640 3788 768 3851 Vetera
803 3789 1029 3853 circumsedit.
1062 3790 1195 3854 Vocula
1224 3790 1419 3855 Geldubam

225 3918 328 3990 atque
364 3910 442 3971 inde
479 3909 686 3971 Novaesium
719 3909 895 3972 concessit.
933 3909 1048 3973 Civilis
1083 3911 1177 3993 capit
1207 3910 1419 3986 Geldubam,

227 4051 308 4093 mox
327 4030 410 4093 haut
431 4029 548 4112 procul
570 4029 740 4092 Novaesio
757 4029 905 4111 equestri
924 4029 1055 4111 proelio
1067 4050 1229 4114 prospere
1242 4029 1421 4094 certavit.”

266 4248 292 4314 1)
316 4249 428 4313 Iterum,
452 4247 489 4296 sic
515 4261 529 4295 e
555 4253 624 4296 certa
648 4245 793 4310 Nipperdei
819 4246 1002 4296 emendatione
1021 4246 1160 4313 legendum
1179 4254 1219 4297 est
1238 4262 1286 4311 pro
1305 4247 1423 4295 interim.

228 4335 250 4383 E
275 4350 297 4385 c.
322 4335 393 4383 enim
419 4346 452 4396 34
478 4342 542 4382 extr.
562 4333 665 4398 liquido
684 4338 793 4397 apparet
811 4332 838 4380 in
858 4335 1006 4397 praeseutia
1025 4334 1137 4385 Civilem
1155 4342 1297 4384 castrorum
1317 4333 1420 4383 illorum

227 4420 393 4469 obsidionem
412 4420 538 4470 omisisse.
