3210 5274
748 371 782 416 11

165 533 367 598 utilitatem?
400 534 518 616 Atque
550 534 615 597 hoc
647 535 789 616 pridem,
824 536 969 598 necdum
1001 535 1139 616 cognita
1165 533 1361 597 Woelfflinii

164 655 406 738 disputatione,
428 674 448 716 a
468 673 522 717 me
544 654 720 717 inventurn
737 653 817 717 licet
830 655 928 736 pauci
941 654 1060 729 sciant,
1073 663 1108 717 at
1121 653 1212 716 fideli
1225 661 1361 715 servant

164 775 338 839 memoria.
364 774 449 837 Mihi
474 794 556 837 vero
580 794 648 837 non
674 774 890 837 mediocriter
914 775 993 837 inde
1013 775 1134 837 crescit
1154 774 1291 849 fiducia;
1313 774 1361 836 sic

164 896 255 958 enim
290 894 429 957 credere
465 895 592 976 incipio
627 914 695 956 non
729 894 829 976 plane
862 892 984 957 frustra
1015 914 1068 956 me
1100 894 1249 976 antiquis
1280 894 1361 956 dare

164 1033 304 1098 operam
328 1014 559 1095 scriptoribus.

209 1133 267 1195 Ad
310 1132 469 1195 Tacitum
509 1133 602 1214 quod
639 1132 798 1214 pertinet,
834 1132 980 1196 iucunda
1015 1131 1071 1194 illa
1106 1141 1141 1194 et
1176 1133 1362 1196 honorifica

166 1250 384 1326 συνέμπτωσις
416 1271 470 1314 me
502 1250 637 1333 impulit
667 1260 705 1313 ut
735 1251 975 1333 investigarem
1004 1261 1161 1316 essentne
1186 1262 1362 1336 praeterea

166 1373 199 1436 in
231 1371 522 1435 lucubrationibus
547 1371 630 1434 meis
654 1370 803 1434 Taciteis
827 1370 988 1434 nonnulla
1011 1391 1098 1454 quae
1123 1373 1189 1436 iarn
1214 1375 1361 1436 nuncin

167 1493 281 1555 medio
312 1490 537 1573 proponenda
567 1491 763 1553 viderentur
772 1517 779 1565 ;
806 1489 908 1571 idque
932 1500 1004 1552 tum
1030 1492 1228 1573 praesertim
1252 1492 1362 1556 facere

166 1614 313 1688 decrevi,
345 1612 371 1674 si
400 1611 570 1693 quaedam
594 1609 641 1672 ibi
665 1610 854 1672 invenirem
877 1629 965 1691 quae
989 1618 1048 1672 aut
1073 1610 1361 1674 Woelfflinianum

166 1735 343 1796 inventum
374 1730 615 1794 confirmarent
646 1737 704 1791 aut
736 1727 939 1791 illustrarent
964 1737 1023 1792 aut
1046 1729 1194 1811 denique
1218 1749 1296 1793 cum
1320 1752 1362 1794 eo

166 1851 281 1933 aliquo
305 1851 409 1913 modo
433 1848 665 1911 cohaererent.
692 1847 764 1909 Nec
789 1847 846 1909 diu
871 1847 1039 1928 quaesivi:
1067 1867 1148 1910 mox
1168 1850 1258 1911 enim
1279 1870 1362 1913 non-

168 1968 258 2033 nulla
293 1986 530 2050 excerpseram
563 1985 650 2047 quae
682 1966 848 2028 eiusmodi
880 1966 1085 2040 viderentur,
1117 1975 1220 2048 atque
1252 2005 1296 2014 -
1327 1969 1361 2031 id

167 2090 259 2172 quod
288 2087 392 2171 pluris
415 2089 520 2151 etiam
544 2087 625 2149 mihi
650 2095 722 2149 erat
746 2123 789 2132 -
812 2087 861 2148 ita
884 2095 1024 2168 possent
1047 2089 1208 2170 componi
1232 2097 1269 2151 ut
1294 2110 1361 2152 non

167 2208 306 2290 quidem
338 2207 532 2270 absolutum
563 2207 723 2269 existeret
755 2225 841 2288 opus
865 2241 908 2250 -
932 2205 1014 2268 illud
1045 2215 1159 2269 autem
1191 2208 1266 2289 quis
1298 2208 1361 2272 hac

169 2336 283 2391 aetate
304 2328 410 2410 possit
429 2323 585 2409 sperare?
597 2362 640 2372 —
653 2327 713 2388 sed
734 2335 849 2388 tamen
870 2325 997 2407 aliquid
1012 2327 1116 2407 quod,
1130 2327 1365 2410 qualecunque

169 2456 268 2522 esset,
300 2446 334 2509 in
366 2466 402 2509 se
433 2454 522 2509 esset
550 2453 639 2508 teres
663 2453 766 2526 atque
790 2445 985 2507 rotundum.
1011 2443 1194 2526 Quomodo
1219 2448 1300 2510 mihi
1326 2468 1365 2511 ea

168 2587 222 2630 res
246 2566 385 2630 cesserit
410 2565 538 2647 peritus
561 2572 664 2646 atque
689 2583 818 2645 aequus
846 2565 960 2627 videat
984 2585 1114 2628 censor.
