3292 5280
810 411 870 476 142

241 578 274 640 in
295 598 355 640 sex
376 578 543 661 prioribus
564 576 749 640 Annalium
771 575 909 658 libris”),
925 576 969 639 ab
982 574 1202 638 adolescente
1213 572 1433 654 conscriptus,

244 698 349 761 multa
380 697 484 760 habet
513 697 705 760 acutissime
738 696 1067 779 prudentissimeque
1090 694 1284 766 observata,
1308 693 1434 775 paucis·

241 819 326 880 sima
351 838 442 893 vero,
466 826 503 881 ut
527 837 591 899 ego
615 818 745 899 opinor,
770 836 914 897 quorum
939 834 1028 877 nunc
1052 813 1171 887 virum,
1193 813 1317 895 insigni
1338 812 1432 874 laude

242 939 473 1019 conspicuum,
506 937 634 1018 pudeat
666 936 895 1018 poeniteatve.
928 932 1007 1010 Sed,
1034 934 1128 1016 quod
1152 934 1355 1016 plerumque
1379 951 1431 994 no

244 1059 399 1121 stratium
432 1057 723 1121 lucubrationibus
753 1057 888 1131 accidit,
920 1057 953 1118 id
979 1055 1138 1118 Karsteni
1163 1074 1302 1137 quoque
1327 1053 1434 1116 libello

243 1179 396 1241 evenisse
427 1177 577 1239 videtur:
612 1196 713 1239 nemo
744 1178 811 1239 iam
836 1176 929 1238 illum
953 1175 1101 1257 respicit.
1128 1174 1228 1237 Felix
1252 1176 1347 1256 quod
1372 1194 1431 1236 non

244 1331 285 1343 -
313 1317 391 1360 nam
423 1298 456 1359 id
488 1317 624 1378 quoque
656 1316 758 1378 saepe
779 1295 850 1358 fieri
875 1296 1039 1370 videmus,
1064 1314 1141 1357 cum
1167 1302 1306 1357 nostrae
1331 1294 1431 1376 gentis

244 1417 364 1498 aliquis
387 1437 428 1479 ea
451 1417 486 1479 in
510 1417 659 1479 medium
684 1416 834 1499 protulit,
860 1435 947 1496 quae
973 1434 1083 1496 neque
1107 1414 1141 1476 in
1162 1413 1306 1476 dubium
1328 1413 1430 1476 vocari

245 1538 375 1619 possint
398 1543 432 1598 et
457 1537 640 1599 maximam
665 1536 813 1599 habeant
838 1535 1020 1598 utilitatem
1044 1569 1088 1580 -
1112 1542 1191 1617 post
1215 1555 1295 1597 eum
1320 1534 1429 1616 aliquis

245 1658 385 1732 exstitit,
417 1657 474 1738 qui
507 1657 607 1739 plane
634 1657 726 1718 idem
750 1657 889 1718 doceret
914 1703 1010 1718 .....
1035 1663 1070 1717 et
1094 1656 1240 1737 posthac
1264 1665 1428 1737 tamquam

245 1781 303 1861 qui
327 1780 458 1861 primus
481 1777 562 1839 illud
589 1778 759 1840 docuisset
783 1775 885 1859 vulgo
909 1797 929 1838 a
952 1776 1030 1838 viris
1055 1776 1165 1839 doctis
1189 1776 1362 1839 citaretur.
1386 1777 1428 1839 De

245 1898 312 1961 fide
345 1917 426 1979 ergo
457 1897 567 1959 Taciti
597 1897 753 1960 scribitur
784 1896 1054 1979 disputaturque‚
1078 1905 1256 1979 tamquam
1280 1899 1307 1960 si
1333 1897 1429 1960 nullus

245 2038 395 2099 unquam
420 2017 607 2080 Karstenus
632 2016 780 2078 vixisset.
806 2014 901 2096 Quae
926 2036 979 2078 res
999 2035 1075 2078 cum
1097 2014 1180 2078 mihi
1199 2036 1338 2100 semper
1358 2017 1430 2079 indi·

247 2138 408 2220 gnissima
429 2136 500 2199 visa
519 2137 572 2211 sit,
593 2138 636 2199 ad
659 2137 749 2198 idem
770 2136 928 2217 delapsus
948 2144 1186 2217 argumentum
1207 2136 1430 2199 lubentissime

247 2257 310 2320 hac
334 2265 411 2319 utor
435 2255 613 2318 occasione
637 2256 708 2317 eius
732 2254 892 2316 laudandi
916 2254 988 2329 viri,
1010 2254 1068 2336 qui
1088 2264 1168 2316 ante
1190 2255 1318 2319 multos
1337 2275 1432 2320 annos

248 2376 504 2459 diligentissime
529 2375 792 2455 doctissimeque
816 2374 898 2437 illud
922 2374 1092 2437 tractavit.

293 2495 458 2558 Dicebam
491 2503 604 2557 autem
636 2514 713 2556 cum
745 2493 818 2556 aliis
849 2493 949 2556 rebus
980 2493 1045 2556 hoc
1069 2514 1206 2575 quoque
1232 2495 1280 2577 (et
1304 2495 1435 2559 sortasse

251 2616 334 2695 ,hoc
358 2612 578 2698 praesertim”
604 2614 786 2676 dicendum
811 2612 894 2694 erat)
920 2613 1091 2676 obstitisse
1114 2616 1297 2694 quominus
1317 2635 1436 2698 aequus

247 2747 336 2801 esset
368 2739 411 2800 de
442 2737 581 2799 Tiberio
613 2735 716 2797 iudex
748 2734 896 2810 Tacitus,
928 2736 1021 2816 quod
1053 2736 1096 2798 de
1127 2735 1269 2800 Tiberio
1293 2739 1436 2801 scribens

249 2857 483 2920 Domitianum
514 2864 594 2917 ante
626 2854 742 2917 oculos
765 2853 917 2929 haberet,
943 2862 978 2917 et
1000 2855 1063 2917 sibi
1087 2855 1154 2918 iam
1178 2856 1223 2918 ab
1247 2857 1346 2919 initio
1370 2877 1437 2939 per·

250 2977 408 3039 suasisset
443 2995 562 3056 parum
597 2975 758 3036 interesse
795 2983 906 3036 utrum
937 2974 1058 3055 aliquis
1089 2975 1132 3037 de
1164 2974 1293 3039 Tiberii
1326 2997 1369 3039 an
1399 2977 1437 3039 de

252 3095 438 3157 Domitiani
474 3094 615 3175 imperio
650 3094 867 3155 edoceretur:
903 3094 1075 3174 utriusque
1106 3094 1198 3156 enim
1230 3095 1440 3178 imperatoris

252 3214 394 3276 eandem
420 3213 519 3276 fuisse
540 3214 754 3295 pravitatem.
777 3212 875 3275 Nunc
896 3214 1045 3295 singulos
1065 3215 1233 3297 quosdam
1254 3216 1440 3279 considere·

252 3353 326 3395 mus
357 3333 459 3407 locos,
492 3333 614 3414 quibus
645 3333 796 3413 iniquum
828 3331 966 3414 aliquod
999 3335 1042 3398 de
1066 3334 1205 3398 Tiberio
1230 3339 1441 3400 contineatur

252 3454 422 3516 iudicium.
453 3453 575 3526 Pauca,
608 3460 660 3514 sat
690 3453 770 3526 scin,
803 3452 982 3534 proferam,
1015 3474 1102 3535 quae
1133 3476 1201 3519 non
1230 3477 1250 3519 a
1275 3457 1439 3520 Karsteno

251 3574 343 3636 dicta
374 3580 462 3646 sunt,
495 3573 555 3634 sed
588 3571 728 3634 fortasse
760 3573 938 3653 quaedam,
964 3575 1007 3636 ad
1031 3573 1119 3636 hanc
1143 3585 1300 3658 spectata
1324 3578 1438 3651 lucem,

252 3694 370 3757 melius
394 3692 619 3775 apparebunt.

296 3814 340 3876 A.
366 3814 392 3888 I,
417 3829 468 3895 73.
502 3814 554 3875 De
587 3832 676 3874 novo
707 3811 883 3875 criminum
915 3833 1049 3895 genere,
1082 3816 1174 3897 quod
1198 3824 1272 3879 tum
1299 3820 1437 3901 primum

252 3934 431 4006 exstiterit,
456 3932 539 3994 haec
566 3941 759 3995 narranturz

300 4051 460 4133 ,Falanio
484 4052 656 4114 obiciebat
680 4042 983 4133 accusators'quod
1008 4054 1095 4117 inter
1119 4055 1267 4120 cultores
1287 4057 1435 4139 Augusti,

252 4174 310 4254 qui
343 4193 402 4255 per
434 4193 552 4235 omnes
583 4173 704 4234 domos
735 4173 769 4233 in
803 4173 942 4235 modum
973 4174 1192 4257 collegiorum
1221 4177 1436 4251 habebantur,

253 4292 405 4356 Cassium
451 4294 622 4373 quendam
667 4293 805 4354 mimum
848 4312 991 4375 corpore
1033 4295 1194 4360 infamem
1238 4300 1434 4370 adscivisset,

254 4414 415 4493 quodque
442 4412 589 4474 venditis
613 4411 719 4473 hortis
742 4419 890 4473 statuam
915 4413 1060 4496 Augusti
1084 4416 1183 4480 simul
1208 4420 1432 4501 mancipasset.
