3210 5274
182 113 247 177 pro
268 93 324 156 illa
343 113 447 175 opera
467 115 486 155 a
506 94 684 156 servilibus
701 94 914 156 senatoribus
930 114 1063 156 summo
1080 94 1223 156 afficitur
1241 94 1379 156 honore.

182 210 332 275 Subesse
364 212 554 274 incredibili
586 213 770 275 narrationi
798 213 886 275 hanc
910 214 1089 275 veritatem
1114 213 1275 294 suspicor.
1302 212 1380 274 Non

181 331 378 395 coercendae
404 330 537 394 libidini
561 330 892 394 senatusconsultum
917 330 1140 395 Claudianum
1165 332 1381 405 inserviebat,

181 451 245 513 sed
270 450 494 513 dirimebatur
517 469 558 512 eo
583 450 815 513 controversia
839 450 1008 531 quaedam
1032 451 1166 533 saepius
1191 452 1277 513 inter
1302 451 1381 512 doc·

181 578 239 633 tos
270 570 400 652 agitata
426 569 698 633 iurisconsultus:
728 590 841 632 nonne
865 570 929 632 hoc
955 569 1016 632 suit
1042 570 1216 652 negotium
1241 571 1381 651 dignum

183 689 329 755 Claudio
354 696 480 762 nostro,
505 689 609 751 docto
633 688 826 770 antiquario
850 697 884 750 et
909 687 1073 750 eiusmodi
1095 688 1382 770 disceptationum

182 805 440 873 amantissimo?
469 807 570 872 Certe
594 808 637 869 de
662 805 808 870 Senatus
832 805 987 869 consulto
1012 806 1200 871 Claudiano
1224 807 1383 869 iuriscon-

182 927 263 992 sulti
296 936 417 1011 postea
446 926 695 1009 spinosissimas
726 925 939 1008 protulerunt
970 927 1119 1007 argutias
1127 954 1135 1002 ;
1168 935 1203 989 at
1232 934 1383 989 senatus·

183 1046 390 1122 consultum,
426 1047 519 1128 quod
554 1045 601 1108 illi
634 1047 887 1109 commentariis
919 1046 1096 1120 illustrant,
1129 1048 1172 1109 ad
1203 1046 1382 1109 liberorum

183 1166 337 1250 pertinet
356 1175 493 1241 statum,
514 1185 557 1228 ex
578 1165 744 1228 eiusmodi
765 1166 1061 1228 coniunctionibus
1078 1175 1245 1229 natorum.
1263 1166 1383 1248 Neque

183 1285 313 1350 sactum
335 1286 416 1349 illud
437 1285 480 1349 ad
502 1285 731 1348 cohibendam
751 1284 899 1366 aliquam
920 1284 1108 1361 libidinem,
1130 1306 1217 1366 quae
1234 1285 1383 1367 alioquin

182 1407 321 1489 saepius
353 1414 442 1469 esset
473 1413 644 1487 eruptura,
676 1406 773 1467 testis
799 1413 851 1467 est
877 1404 1092 1480 Iustinianus,
1116 1407 1183 1486 qui,
1209 1413 1384 1486 tamquam

183 1546 265 1589 rem
279 1545 416 1609 prorsus
436 1523 589 1588 inutilem
612 1532 646 1586 et
662 1525 843 1587 absurdam
860 1524 960 1606 plane
974 1523 1117 1586 sustulit.
1132 1524 1249 1605 Atque
1262 1524 1384 1586 eodem

185 1646 292 1708 modo
323 1664 393 1726 quo
424 1643 564 1707 Tacitus
594 1641 777 1707 Suetonius
806 1662 943 1724 quoque
968 1651 1099 1724 peccat,
1124 1642 1229 1704 immo
1253 1642 1387 1725 gravior

184 1766 302 1840 etiam,
323 1765 350 1825 si
372 1762 443 1826 fieri
464 1771 589 1845 potest,
610 1760 697 1824 illius
717 1782 809 1824 error
829 1770 890 1825 est.
909 1760 941 1823 ls
958 1762 1047 1824 enim
1066 1760 1101 1823 et
1113 1769 1223 1823 totum
1236 1770 1387 1823 senatus·

186 1882 381 1947 consultum
411 1881 626 1963 Vespasiano
658 1881 831 1956 adscribit,
863 1881 897 1943 et
931 1881 973 1943 de
1005 1880 1062 1943 illo
1095 1880 1182 1943 hanc
1212 1880 1387 1963 profundit

186 2003 392 2086 sapientiam
423 2000 686 2084 ludimagistello
717 2002 856 2083 dignam
888 2001 993 2082 magis
1018 2021 1119 2082 quam
1144 2001 1305 2063 historico
1330 2001 1387 2083 qui

188 2121 315 2187 adultis
346 2120 463 2184 scribit
495 2121 535 2203 (c.
572 2121 640 2202 11):
672 2120 808 2200 ,lubido
833 2129 936 2202 atque
960 2119 1093 2183 luxuria
1117 2134 1276 2185 coercente
1299 2121 1388 2184 nulle

186 2240 391 2316 invaluerat,
415 2248 535 2304 auctor
557 2239 689 2302 senatui
714 2238 776 2302 suit
801 2239 1017 2314 decernendi,
1044 2247 1080 2301 ut
1104 2260 1191 2320 quae
1216 2260 1251 2302 se
1277 2240 1387 2302 alieno

183 2379 287 2427 servo
312 2361 475 2424 iunxisset
499 2359 621 2423 ancilla
645 2357 858 2421 haberetur‘’!
884 2358 976 2441 Ergo
1001 2367 1180 2442 tantopere
1205 2360 1261 2422 illa
1281 2360 1388 2423 libido

173 2477 381 2545 invaluerat
414 2487 450 2541 et
484 2479 643 2561 frequens
678 2477 768 2540 facta
802 2485 884 2552 erat,
917 2487 954 2539 ut
986 2498 1028 2540 ne
1059 2487 1133 2541 tota
1165 2479 1284 2542 civitas
1315 2501 1389 2561 per·

167 2601 358 2666 mixtione
382 2597 554 2679 sanguinis
578 2606 861 2678 corrumperetur,
882 2604 985 2678 atque
1007 2598 1094 2660 adeo
1115 2599 1390 2679 pessumdaretur

157 2729 345 2784 metuere
364 2718 553 2800 inciperent
572 2736 691 2798 graves
710 2715 756 2777 illi
773 2725 947 2779 senatores
960 2716 1136 2780 Claudiani
1150 2716 1203 2779 vel
1218 2718 1390 2781 Flaviani!

229 2838 280 2901 A.
306 2835 385 2912 XII,
409 2836 454 2900 60
480 2836 788 2917 ,(Procuratoribus
811 2836 890 2917 suis)
915 2834 1075 2899 Claudius
1095 2857 1196 2899 omne
1218 2838 1267 2899 ius
1288 2838 1390 2900 tradi·

131 2956 251 3033 dit,
278 2957 416 3038 dequo
441 2955 568 3018 totiens
590 2955 758 3018 seditione
783 2963 841 3017 aut
865 2957 967 3018 armis
989 2963 1166 3029 certatum,
1193 2975 1269 3017 cum
1295 2954 1388 3018 Sem-

124 3076 321 3157 proniis
345 3075 579 3156 rogationibus
602 3081 760 3156 equester
783 3074 868 3136 ordo
893 3075 926 3136 in
951 3074 1164 3155 possessione
1188 3073 1388 3136 iudiciorum

124 3191 372 3269 locaretur,
392 3202 451 3256 aut
471 3213 600 3256 rursum
622 3191 784 3257 Serviliae
801 3192 894 3274 leges
909 3193 1040 3256 senatui
1058 3193 1181 3255 iudicia
1198 3193 1391 3269 redderent,

125 3310 391 3396 Mariusque
414 3322 449 3376 et
473 3311 567 3377 Sulla
589 3312 671 3374 olim
696 3311 739 3374 de
763 3333 804 3375 eo
829 3311 883 3375 vel
908 3312 1090 3395 praecipue
1115 3312 1315 3376 bellarent”.

243 3430 321 3494 Post
351 3431 528 3494 redderent
559 3430 800 3512 Nipperdeyus
833 3433 865 3493 in
898 3440 1040 3512 utraque
1073 3433 1223 3495 editione
1251 3433 1392 3497 lacunae

136 3551 309 3626 posuit
338 3551 482 3632 signum.
515 3548 594 3631 Quo
624 3559 835 3631 argument0,
868 3549 987 3632 putas?
1020 3548 1119 3631 Quod
1146 3553 1233 3614 duae
1258 3552 1392 3616 luerunt

145 3660 289 3746 leges
311 3668 484 3744 Serviliae,
509 3668 691 3751 Caepionis
714 3668 830 3746 altera,
854 3669 961 3733 altera
982 3669 1152 3743 Glauciae,
1173 3691 1314 3751 quarum
1337 3672 1393 3734 illa

159 3789 408 3852 senatoribus
435 3790 595 3864 reddidit,
621 3788 705 3851 haec
730 3791 852 3852 iterum
874 3789 1003 3853 ademit
1029 3789 1161 3851 iudicia.
1188 3790 1286 3852 Putat
1311 3812 1393 3873 ergo

167 3895 439 3992 Nipperdeyus
466 3907 623 3971 Tacitum
654 3909 826 3990 scripsisse
860 3957 886 3988 ,,.
905 3957 912 3970 .
930 3956 963 3971 ..
990 3907 1112 3970 iudicia
1138 3909 1319 3972 redderent
1342 3910 1396 3973 vel

1235 4028 1251 4077 8
