3210 5274
774 402 833 470 ¹73

200 568 291 632 aliud
327 569 459 631 externi
492 589 598 650 regeS,
630 578 689 631 aut
720 569 777 651 qui
809 570 930 632 eadem
961 570 1103 632 saevitia
1138 570 1187 631 usi
1220 578 1308 643 sunt,
1335 569 1396 631 nisi

202 690 350 753 dedecus
374 689 437 751 sibi
463 698 567 771 atque
592 689 656 752 illis
679 690 820 772 gloriam
846 688 1043 772 peperere.’‘

245 807 393 889 intelligi
425 808 509 870 haec
542 817 727 889 nequeunt,
759 809 820 871 nisi
845 808 960 889 aliquo
985 810 1088 871 modo
1113 809 1256 872 efficitur
1279 818 1316 871 ut
1341 829 1398 871 ex-

201 927 287 988 terni
313 947 410 1008 reges
435 927 696 1008 imperatoribus
722 927 954 990 Romanorum
980 927 1172 990 crudelibus
1192 940 1398 1010 opponantur

202 1045 279 1108 Fiet
304 1045 385 1107 illud
409 1047 436 1107 si
460 1057 520 1109 aut
544 1045 729 1108 delebitur:
754 1047 886 1108 externi
911 1067 1007 1128 reges
1031 1047 1088 1127 qui
1113 1047 1233 1109 eadem
1258 1047 1400 1110 saevitia

201 1166 249 1228 usi
287 1175 374 1238 sunt,
411 1166 532 1228 eadem
565 1165 693 1227 scilicet
725 1165 876 1239 saevitia,
909 1165 1003 1228 cuius
1034 1186 1122 1228 nunc
1154 1166 1398 1229 documentum

201 1286 296 1348 dedit
328 1284 485 1347 Tiberius
515 1294 550 1347 et
580 1294 699 1367 postea
723 1285 833 1348 daturi
859 1294 955 1348 erant
980 1293 1015 1348 et
1039 1285 1094 1348 alii
1119 1287 1341 1369 imperatores
1364 1296 1398 1349 et

202 1424 282 1486 prae
318 1405 440 1466 ceteris
476 1404 708 1466 Domitianus:
754 1425 832 1467 narn
876 1405 1176 1486 (quemadmodum
1213 1408 1399 1470 rectissime

201 1524 361 1586 observat
393 1523 587 1605 Furneaux)
616 1525 658 1586 de
683 1523 747 1586 hoc
772 1525 969 1606 praesertim
994 1526 1122 1606 cogitat
1147 1525 1295 1601 Tacitus,
1320 1546 1396 1588 cum

200 1663 317 1705 eorum
354 1644 471 1705 irridet
507 1644 708 1716 socordiam,
745 1645 802 1725 qui
839 1645 1008 1726 praesenti
1041 1645 1196 1726 potentia
1227 1646 1400 1728 sequentis

200 1763 275 1825 aevi
298 1765 497 1826 memoriam
516 1763 669 1844 extingui
691 1783 790 1845 posse
811 1763 1038 1825 crediderunt.
1059 1764 1140 1826 Post
1157 1765 1398 1846 imperatorum

202 1881 446 1955 Romanorum,
472 1903 616 1963 quorum
640 1902 762 1964 agmen
788 1882 915 1945 claudit
940 1883 1167 1958 Domitianus
1193 1903 1401 1947 commemo-

202 2002 379 2073 rationem,
401 2002 644 2064 transeundum
664 2011 715 2063 est
735 2002 778 2063 ad
800 2008 964 2083 tyrannos
983 2010 1174 2077 extraneos
1192 2023 1259 2066 non
1277 2004 1398 2067 iterum

202 2121 412 2182 redeundum
446 2121 487 2182 ad
521 2120 728 2182 domesticos
760 2140 871 2201 reges;
897 2121 989 2201 quod
1014 2120 1061 2195 fit,
1087 2123 1113 2183 si
1137 2133 1198 2185 aut
1224 2123 1398 2186 retinetur.

202 2239 291 2301 Nam
336 2239 472 2320 probari
513 2240 775 2320 haudquaquam
816 2247 929 2320 potest
969 2239 1168 2321 Nipperdeii
1200 2243 1398 2305 annotatio:

205 2358 332 2437 ,durch
352 2360 412 2420 das
432 2359 621 2421 trennende
640 2369 701 2421 aut
720 2365 858 2439 erganzt
878 2358 949 2420 sich
964 2359 1017 2421 ein
1030 2361 1124 2442 apud
1133 2381 1190 2423 nos
1202 2361 1251 2423 als
1264 2361 1398 2444 Gegen·

202 2488 272 2540 satz
298 2500 337 2541 zu
361 2480 493 2542 externi
515 2499 581 2541 von
606 2478 745 2540 selbst.”
777 2477 873 2540 Talia
897 2479 987 2540 enirn
1012 2480 1038 2541 si
1061 2491 1172 2561 sponte
1190 2481 1395 2564 supplentur,

203 2597 293 2660 nulla
314 2618 382 2660 non
401 2599 547 2660 cuiusvis
559 2598 747 2660 sententiae
761 2617 838 2679 pars
851 2598 989 2679 impune
1003 2598 1115 2660 omitti
1129 2609 1253 2681 potest.
1267 2599 1398 2681 Quodsi

203 2719 278 2799 quis
298 2738 365 2781 non
386 2717 501 2792 talem,
522 2717 656 2798 qualem
677 2725 712 2780 et
734 2716 915 2779 Furneaux
935 2726 969 2779 et
987 2717 1215 2799 Nipperdeius
1233 2728 1397 2794 statuunt,

203 2838 455 2919 oppositionem
476 2837 529 2900 hic
550 2837 641 2899 cerni
662 2836 850 2910 contendit,
871 2837 899 2898 is
919 2838 1051 2909 doceat,
1073 2837 1130 2918 qui
1148 2857 1229 2918 ergo
1243 2838 1397 2901 homines

204 2956 315 3017 verbis
337 2957 396 3037 qui
417 2957 529 3019 eadem
551 2956 692 3019 saeuitia
717 2957 769 3018 usi
790 2966 867 3018 sunt
890 2954 1131 3036 significentur.

247 3196 292 3258 A.
319 3196 379 3270 IV,
407 3214 457 3277 39.
491 3193 648 3256 Livillam
680 3194 744 3255 sibi
773 3213 916 3255 uxorem
940 3213 959 3255 a
984 3192 1122 3255 Tiberio
1147 3194 1233 3275 petit
1257 3193 1399 3258 Seianus

205 3325 237 3377 et
262 3315 335 3378 aliis
358 3315 567 3396 argumentis
592 3333 669 3375 usus
692 3322 727 3375 et
752 3309 833 3374 hoc:

251 3432 439 3514 ,Quoniam
459 3433 627 3496 audiverit
649 3431 840 3512 Augustum
860 3430 893 3492 in
915 3429 1126 3494 conlocanda
1147 3431 1214 3494 lilia
1232 3453 1298 3495 non
1317 3433 1399 3495 nihil

205 3554 306 3615 etiam
343 3554 385 3616 de
421 3553 592 3634 equitibus
628 3552 791 3615 Romanis
823 3550 1076 3624 consultavisse,
1110 3550 1166 3623 ita,
1199 3552 1225 3611 si
1259 3553 1398 3614 maritus

205 3673 321 3735 Liviae
354 3679 582 3752 quaereretur,
615 3669 756 3732 haberet
789 3670 822 3731 in
852 3669 965 3730 animo
989 3670 1134 3732 amicum
1159 3668 1231 3731 sola
1255 3672 1398 3732 necessi-

204 3792 329 3854 tudinis
352 3791 459 3872 gloria
483 3788 652 3852 usurum.''

248 3911 331 3992 Quis
356 3930 505 3993 unquam
530 3910 615 3971 vidit
639 3910 727 3970 inter
751 3928 785 3969 se
811 3909 1017 3989 respondere
1040 3909 1296 3971 coniunctiones
1320 3931 1396 3990 quo-

204 4032 292 4092 niam
317 4040 352 4092 et
374 4031 447 4093 ita?
471 4028 557 4091 Tam
582 4026 780 4090 incredibile
805 4027 886 4089 mihi
908 4027 988 4089 illud
1011 4029 1145 4090 videtur
1165 4038 1201 4090 ut
1223 4030 1303 4110 quin
1324 4050 1395 4092 cor-

203 4161 320 4232 ruptus
351 4151 393 4212 sit
423 4150 517 4212 locus
546 4169 612 4211 non
638 4149 802 4211 dubitem.
828 4148 872 4208 Et
898 4146 1054 4210 facillime
1078 4151 1248 4230 corrumpi
1273 4152 1395 4232 potuit.

203 4270 343 4352 Scripsit
364 4270 454 4333 enim
479 4290 531 4333 me
553 4270 662 4331 iudice
683 4268 820 4330 Tacitus
842 4287 908 4328 non
928 4269 1081 4348 quoniam
1099 4289 1214 4331 verum
1228 4273 1395 4350 quorerodo,

203 4400 235 4453 et
268 4390 377 4452 nullus
409 4398 460 4451 est
491 4409 583 4452 error
606 4388 787 4471 proclivior
818 4407 919 4468 quarn
951 4407 1019 4468 quo
1052 4388 1084 4450 in
1117 4391 1176 4471 q—m
1208 4390 1395 4476 (quoniam)
