3210 5274
784 405 826 485 63

201 601 270 664 que
295 589 429 662 partem
453 591 645 664 capesseret
671 629 789 646 ......
814 584 854 646 Id
881 582 1009 648 Sabino
1029 583 1212 645 convenire
1236 592 1273 645 ut
1294 585 1399 665 impe·

201 702 291 764 rium
316 699 409 763 lratri
429 709 632 777 reservaret,
654 702 689 764 id
711 702 934 784 Vespasiano,
955 711 992 766 ut
1012 703 1115 766 ceteri
1138 711 1216 784 post
1237 701 1400 767 Sabinum

202 820 444 883 haberentur”.

251 939 315 1001 Pro
353 952 544 1003 reservaret
582 940 727 1003 Iacobus
763 943 940 1022 proposuit
975 947 1152 1017 reseraret,
1188 962 1275 1024 quae
1312 941 1401 1004 haud

203 1058 309 1121 dubie
341 1060 611 1142 ingeniosissima
642 1069 693 1122 est
724 1061 929 1135 coniectura,
961 1062 1021 1123 sed
1053 1071 1089 1123 ut
1121 1061 1198 1123 huic
1223 1061 1299 1123 loco
1323 1069 1404 1142 apta

204 1199 415 1262 magnopere
446 1201 575 1244 vereor.
604 1182 688 1266 'Non
721 1182 848 1244 etenim
880 1180 1025 1245 Sabinus
1055 1182 1258 1260 admonetur
1287 1191 1322 1243 ut
1347 1181 1404 1243 ali·

205 1318 311 1379 quam
344 1320 415 1362 rem
447 1299 548 1362 saciat
579 1320 667 1381 quae
693 1300 904 1383 Vespasiano
928 1301 972 1362 sit
996 1299 1181 1381 profutura,
1205 1301 1265 1362 sed
1290 1301 1404 1381 potius

206 1426 245 1480 ut
265 1418 380 1500 aliquo
402 1419 507 1481 modo
527 1419 677 1482 declaret
697 1420 779 1500 quid
799 1420 872 1500 ipse
891 1420 1016 1482 sentiat
1033 1421 1075 1482 de
1089 1419 1275 1500 republica:
1290 1420 1402 1500 palam

206 1557 286 1600 eum
319 1537 522 1619 Vespasiani
547 1547 662 1619 partes
683 1537 844 1619 amplecti
869 1539 1010 1619 cupiunt
1035 1540 1199 1619 primores
1223 1537 1284 1614 illi;
1311 1540 1403 1620 quod

206 1657 243 1717 si·
266 1654 395 1730 fecerit,
423 1655 516 1718 fratri
542 1656 728 1720 reservabit
751 1657 930 1739 imperium
956 1658 976 1718 i.
990 1677 1019 1719 e.
1044 1658 1176 1739 imperii
1200 1658 1329 1733 sedern,
1353 1678 1405 1719 ur-

208 1773 289 1836 bem
314 1774 603 1856 Capitoliumque.

256 1890 299 1954 H.
325 1892 387 1966 lV,
410 1895 464 1972 46.
498 1893 669 1975 (Militiam
701 1902 861 1975 repetunt
892 1915 912 1958 a
938 1894 1097 1958 Muciano
1122 1915 1189 1958 non
1214 1894 1322 1957 solum
1348 1894 1405 1976 qui

208 2011 292 2073 olim
324 2030 386 2093 pro
419 2011 632 2094 Vespasiano
664 2002 910 2094 p‘ugnaverant,
944 2033 1033 2076 nunc
1062 2015 1189 2077 dimissi
1214 2021 1321 2089 erant,
1346 2013 1405 2075 sed

208 2130 314 2193 etiarn
357 2131 420 2212 ipsi
457 2131 650 2208 Vitelliani;
687 2138 722 2193 et
759 2151 888 2194 morem
923 2133 1062 2213 quidem
1097 2153 1213 2214 gerere
1248 2132 1407 2194 omnibus

211 2249 391 2314 Mucianus
414 2249 606 2332 cupiebat):

254 2371 315 2432 sed
345 2372 510 2433 immensa
535 2369 679 2451 pecunia
703 2377 801 2431 tanta
824 2370 874 2431 vis
898 2369 1074 2432 hominum
1099 2371 1276 2434 retinenda
1300 2380 1383 2435 erat.

256 2489 375 2553 Multis
410 2490 521 2551 modis
555 2488 639 2551 haec
674 2488 898 2551 sollicitarunt
934 2490 1059 2551 critici:
1091 2491 1145 2552 hic
1170 2501 1246 2572 post
1264 2493 1406 2574 pecunia

208 2609 329 2671 inserit
360 2606 519 2682 terrebat,
548 2608 604 2671 ille
637 2616 814 2689 praeterea
843 2610 874 2671 si
904 2609 999 2670 addit
1028 2610 1183 2690 (pecunia
1207 2610 1357 2673 terrebat
1381 2611 1408 2671 si

209 2729 330 2810 tanta),
362 2729 495 2791 accedit
525 2730 645 2791 tertius
676 2730 734 2810 qui
767 2749 829 2810 pro
859 2730 891 2791 si
913 2729 1025 2810 legere
1050 2729 1144 2792 malit
1168 2751 1242 2812 qua.
1267 2730 1408 2805 Omnes,

209 2850 236 2911 si
262 2849 345 2930 quid
370 2849 481 2922 vide0‚
506 2849 677 2912 soloecam
701 2849 852 2911 efficiunt
876 2849 1080 2925 orationem,
1107 2850 1188 2930 quin
1210 2849 1330 2912 frustra
1351 2852 1409 2912 de·

209 2970 334 3031 sudent
359 2988 427 3030 non
453 2968 591 3043 dubito;
617 2988 695 3030 narn
713 2981 811 3051 posse
833 2977 867 3030 et
887 2968 1001 3030 debere
1020 2967 1074 3030 hic
1096 2969 1129 3030 in
1151 2989 1253 3031 unum
1275 2977 1408 3031 contra·

210 3087 349 3162 huntur,
380 3087 483 3170 paulo
514 3089 655 3170 quidem
687 3089 875 3152 intricatius
905 3090 964 3151 sed
999 3089 1099 3170 plane
1131 3087 1272 3151 Taciteo
1302 3109 1409 3156 more.

211 3205 268 3269 Sic
300 3207 391 3268 enim
423 3207 619 3270 divellenda
649 3215 752 3289 atque
783 3207 986 3289 explicanda
1018 3218 1068 3270 est
1101 3207 1281 3270 verborum
1306 3209 1410 3271 tradi·

210 3334 325 3389 torum
361 3327 549 3390 sententia:
581 3336 617 3389 ut
644 3339 757 3410 posses
786 3336 917 3390 tantam
950 3328 1018 3389 vim
1048 3327 1224 3389 hominum
1256 3329 1408 3404 retinere,

212 3445 380 3508 immensa
410 3458 486 3510 erat
514 3445 663 3509 habenda
693 3448 849 3529 pecunia.
883 3446 956 3508 Nos
986 3465 1122 3527 quoque
1153 3466 1254 3528 saepe
1285 3448 1409 3509 eodem

213 3563 283 3626 fere
308 3565 414 3627 modo
437 3565 619 3646 loquimur.

258 3684 303 3747 H.
330 3683 391 3759 IV,
415 3685 468 3749 60.
496 3684 676 3764 „Germani
701 3685 873 3747 incautum
897 3703 1020 3764 agmen
1044 3683 1303 3764 adgrediuntur:
1327 3704 1411 3766 pug-

214 3804 413 3868 nacissimus
448 3806 591 3886 quisque
626 3805 660 3866 in
696 3802 850 3883 vestigio,
887 3801 983 3863 multi
1016 3800 1170 3882 palantes
1201 3802 1409 3878 occubuere,

214 3925 319 3986 ceteri
341 3931 432 3987 retro
451 3925 485 3986 in
505 3931 615 3987 castra
635 3922 839 4004 perfugiunt,
860 3930 1024 4002 querente
1044 3916 1125 3984 sane
1146 3921 1242 3985 Civili
1257 3933 1291 3986 et
1305 3925 1411 3986 incre·

216 4053 319 4125 pante
352 4042 552 4116 Germanos,
583 4053 758 4123 tamquam
791 4040 893 4103 fidem
927 4060 986 4121 per
1018 4041 1126 4104 scelus
1157 4042 1411 4125 abrumperent.

216 4163 381 4228 Simulata
404 4182 444 4224 ea
470 4161 592 4225 suerint
615 4182 658 4224 an
682 4163 828 4224 retinere
852 4160 1043 4222 saevientes
1067 4162 1267 4242 nequiverit,
1292 4182 1411 4244 parum

216 4283 424 4346 adfirmatur.
457 4282 608 4363 Direptis
639 4283 757 4343 castris
789 4280 879 4343 laces
909 4279 1068 4354 iniciunt;
1101 4288 1321 4362 cunctosque,
1354 4282 1412 4361 qui

217 4401 346 4482 proelio
370 4398 615 4480 superfuerant,
640 4400 835 4462 incendium
860 4395 1006 4459 hausit”.
