3210 5274
780 375 844 436 268

261 557 423 635 ,Interim
446 565 484 618 ut
503 555 675 637 piaculum
694 555 842 616 obicitur
861 555 1014 616 centurio
1035 552 1227 635 Crispinus;
1250 556 1399 637 sanguine

213 677 392 758 Capitonis
414 696 451 736 se
474 683 723 746 cruentaverat,
744 693 855 755 eoque
875 683 910 735 et
931 672 1182 755 postulantibus
1199 674 1402 749 manifestior

210 807 246 859 et
271 796 426 878 punienti
451 795 550 856 uilior
572 794 669 856 fuit”
795 774 800 781 ⁵

255 916 414 979 Pm'errtt
436 935 484 976 sc.
506 914 659 977 vitellio.
683 914 745 986 At,
764 913 920 987 obsecro,
941 934 1022 975 num
1036 915 1137 996 punit
1157 915 1319 976 miserum
1339 934 1405 976 cen·

209 1036 381 1097 tutionem
408 1033 586 1095 Vitellius?
611 1033 703 1095 Num
727 1033 815 1095 ullus
838 1035 978 1095 omnino
994 1034 1160 1116 puniendi
1178 1034 1287 1095 verbo
1304 1033 1406 1097 locus?

212 1157 269 1217 An
301 1174 502 1217 censeamus
532 1153 655 1215 Tacito
680 1155 838 1235 punitum
862 1154 970 1215 videri
994 1154 1180 1227 hominem,
1212 1174 1254 1215 eo
1279 1155 1405 1216 nomine

209 1275 256 1336 ab
278 1276 374 1335 iratis
397 1275 561 1335 militibus
585 1282 756 1345 necatum,
781 1275 876 1354 quod
899 1272 1104 1355 Capitonem
1126 1273 1329 1337 occidisset?
1353 1274 1405 1337 Ca·

209 1395 284 1474 pito
314 1394 407 1455 enim
438 1393 533 1474 quid,
557 1392 670 1455 iudice
693 1392 827 1465 Tacito,
852 1390 999 1455 lecerat?
1022 1391 1132 1455 Haud
1152 1393 1252 1455 dubie
1276 1394 1310 1454 in
1335 1393 1404 1455 Ger·

209 1514 323 1574 mania
353 1514 562 1586 turbaverat,
595 1533 665 1575 uon
696 1532 795 1574 secus
825 1531 865 1574 ac
899 1512 1015 1574 Macer
1043 1512 1077 1572 in
1102 1510 1222 1574 Africa
1248 1514 1292 1593 (v.
1317 1534 1344 1575 c.
1367 1514 1404 1594 7),

207 1646 301 1694 certe
321 1632 461 1694 turbare
480 1641 713 1714 coeptaverat,
734 1651 882 1713 eumque
902 1641 1143 1714 oppresserant
1156 1631 1406 1694 interfecerant-

209 1772 276 1832 que
306 1750 486 1814 Cornelius
514 1751 686 1832 Aquinius
709 1761 745 1813 et
770 1750 898 1813 Fabius
922 1751 1061 1824 Valens,
1089 1759 1297 1832 „antequam
1322 1753 1407 1814 iube-

208 1870 347 1932 rentur*
371 1872 510 1950 quidem
536 1871 618 1947 (ibt,
647 1872 707 1932 sed
730 1881 847 1932 tamen
872 1871 962 1933 haud
987 1872 1091 1933 dubie
1116 1872 1178 1933 rati
1204 1892 1241 1934 se
1264 1874 1313 1934 sic
1339 1893 1408 1954 pro

208 1990 340 2071 spicere
371 1991 477 2070 quieti
510 1999 547 2050 et
578 1989 751 2051 securitati
784 1989 1003 2072 reipublicae.
1036 1989 1127 2051 Num
1161 1992 1220 2072 qui
1247 1993 1408 2054 eiusmodi

209 2110 339 2172 consilii
372 2112 544 2192 particeps
575 2108 648 2181 fuit,
679 2129 758 2171 cum
790 2120 912 2190 postea
940 2130 961 2171 a
992 2109 1206 2171 discordibus
1238 2111 1407 2183 militibus,

208 2230 266 2309 qui
297 2249 398 2308 aegre
430 2229 512 2290 illud
545 2227 707 2300 tulerunt,
738 2229 921 2290 crudeliter
949 2230 1148 2303 trucidatur,
1166 2231 1292 2311 puniri
1314 2230 1366 2291 vel
1391 2251 1409 2292 a

210 2348 383 2419 militibus,
407 2348 462 2408 cel
485 2368 506 2408 a
529 2348 627 2419 duce,
653 2348 711 2428 qui
737 2368 805 2409 non
830 2348 1023 2421 intercedit,
1047 2349 1113 2410 dici
1140 2348 1274 2431 potest?
1308 2350 1405 2411 Haud

206 2468 339 2546 opinor.
364 2465 522 2545 Denique
545 2485 635 2545 quae
659 2467 844 2527 intercedit
868 2467 955 2529 ratio
977 2468 1069 2529 inter
1090 2487 1192 2530 voces
1216 2478 1406 2549 quaesunt

200 2583 446 2666 postulantibus
476 2594 510 2643 et
536 2585 692 2664 punienti
699 2582 710 2643 ?
735 2584 781 2646 Et
804 2585 919 2666 aliqua
942 2596 1057 2649 tamen
1081 2588 1168 2649 ratio
1193 2590 1405 2650 intercedere

203 2704 319 2774 debet,
340 2704 401 2763 nisi
422 2703 592 2764 credimus
613 2702 772 2766 Tacitum
794 2724 862 2767 non
883 2707 1101 2769 cohaerentia
1119 2707 1283 2770 locutum.
1304 2709 1404 2790 Quod

202 2823 364 2905 quoniam
395 2823 536 2884 credere
567 2822 736 2897 nolumus,
768 2826 802 2886 in
828 2829 984 2908 punienti
1012 2827 1117 2891 latere
1142 2829 1264 2890 vitium
1290 2840 1406 2892 nostro

202 2944 274 3004 iure
304 2942 497 3003 statuimus.
521 2941 624 3023 Quod
649 2945 826 3025 quomodo
850 2947 894 3007 sit
917 2947 1108 3009 tollendum
1133 2947 1202 3009 lere
1227 2949 1294 3009 iarn
1321 2950 1407 3011 dixi-

202 3082 287 3133 mus,
307 3070 401 3123 certe
420 3061 534 3123 elucet
553 3083 572 3124 e
593 3073 668 3125 tota
688 3064 921 3145 disputatione
942 3074 1067 3128 nostra.
1090 3067 1216 3129 Milites
1231 3069 1407 3150 postulant

201 3181 341 3262 aliquid,
373 3181 445 3243 dux
475 3191 535 3243 aut
566 3185 694 3263 respuit
726 3183 906 3265 postulata,
938 3194 998 3246 aut
1030 3206 1145 3247 aurern
1178 3188 1217 3247 iis
1251 3187 1404 3268 praebet.

202 3298 426 3363 Subtraxerat
458 3311 574 3362 autern
608 3302 753 3363 militurn
786 3303 885 3363 minis
918 3303 1124 3379 Burdonem,
1149 3313 1184 3366 at
1209 3303 1404 3386 Crispinum

200 3420 241 3481 iis
335 3419 440 3501 quid?
465 3420 599 3501 Nempe
613 3423 792 3502 perrrrittr't.
819 3421 894 3484 Hoc
915 3432 968 3484 est
987 3423 1171 3504 legendum
1183 3426 1404 3505 permitterrti,

201 3538 267 3600 hoc
299 3540 398 3600 unice
428 3541 462 3600 in
495 3539 585 3601 hunc
616 3539 731 3601 locum
762 3541 934 3615 convenit,
966 3551 1002 3603 et
1035 3542 1195 3604 ductibus
1226 3542 1401 3607 literarum

80 3686 90 3705 ι
201 3658 346 3718 traditae
371 3658 446 3719 voci
465 3660 620 3739 punienti
641 3659 828 3722 admodum
853 3668 904 3722 est
928 3660 1037 3722 simile
1058 3662 1266 3743 (pmittenti).

246 3892 289 3954 H.
316 3892 341 3967 l,
366 3893 419 3971 64.
446 3894 575 3956 fabius
595 3895 722 3959 Valens
742 3919 819 3962 curn
841 3900 1030 3961 exercitum
1050 3901 1213 3962 adversus
1226 3900 1402 3965 Othonem

198 4013 231 4073 in
267 4012 399 4074 ltaliam
431 4015 536 4088 ducit,
568 4016 601 4077 in
635 4016 776 4079 civitate
802 4018 1001 4099 Lingonum
1025 4019 1115 4081 inter
1138 4020 1344 4101 legionarios
1368 4031 1403 4085 et

200 4132 346 4193 Batavos
366 4133 546 4195 auxiliares
566 4135 673 4217 iurgia
693 4156 849 4198 exarsere
869 4137 1035 4200 eiusmodi
1056 4147 1094 4200 ut
1115 4160 1224 4222 prope
1236 4161 1256 4202 a
1269 4143 1401 4222 proelio

197 4250 332 4313 abesset
356 4272 418 4313 res.
446 4253 540 4316 Haec
566 4255 670 4337 ipsius
693 4255 803 4318 Taciti
829 4255 933 4318 verba
956 4267 1052 4320 sunt:

245 4369 375 4448 ‚Iurgia
408 4372 564 4451 primum,
600 4394 681 4435 mox
713 4376 786 4437 rixa
816 4376 904 4438 inter
937 4377 1083 4440 Batavos
1116 4387 1150 4440 et
1182 4379 1399 4460 legionarios
