3292 5280
791 412 852 473 114

221 571 436 636 adimerent”.
473 571 522 635 At
555 572 635 634 mihi
669 572 775 636 multo
807 574 942 636 videtur
971 569 1185 633 verisimilius
1216 571 1303 633 nihil
1336 572 1422 634 ultra

222 693 360 755 nomina
380 691 433 753 hic
454 690 575 754 Tacito
596 692 791 768 innotuisse,
808 712 1010 774 semperque
1027 711 1105 753 eum
1121 689 1261 754 latuisse
1281 692 1315 753 id
1328 693 1420 773 quod

222 812 386 875 hodierna
420 812 463 874 de
498 813 758 894 antiquitatibus
793 813 956 877 Romanis
992 811 1178 874 enchiridia
1213 812 1345 875 docent
1380 814 1420 875 de

222 931 353 995 duabus
376 931 507 1014 legibus
532 932 696 995 Serviliis:
722 934 824 995 etiam
846 952 945 1007 nunc,
967 931 1029 994 nisi
1049 929 1154 1004 fallor,
1174 939 1228 1012 est
1250 933 1419 1013 quaedam

222 1052 265 1114 de
298 1053 336 1112 iis
368 1052 454 1114 inter
485 1053 574 1114 viros
602 1052 723 1114 doctos
747 1053 987 1114 controversia.
1012 1050 1215 1113 Tacitumne
1241 1052 1419 1115 credamus

223 1171 255 1233 in
280 1170 446 1232 eiusmodi
473 1172 573 1233 rebus
597 1172 782 1234 tractandis
806 1171 920 1233 omnia
943 1170 1031 1232 bene
1056 1171 1272 1251 perspexisse
1297 1179 1334 1233 et
1357 1171 1418 1234 dis·

222 1287 384 1352 tinxisse?
410 1289 511 1352 Haud
536 1290 673 1371 opinor:
700 1310 778 1353 nam
798 1289 851 1351 vel
872 1289 926 1352 hic
948 1289 1055 1352 multo
1075 1290 1210 1371 gravior
1230 1290 1418 1372 deprehen-

222 1410 312 1471 ditur
343 1408 496 1471 confusio
526 1429 628 1490 quam
658 1429 698 1471 ea
728 1418 789 1483 est,
820 1429 922 1490 quam
952 1408 1192 1490 supplemento
1215 1428 1279 1471 suo
1303 1408 1419 1472 tollere

224 1528 464 1610 Nipperdeyus
488 1537 639 1592 conatur.
666 1528 788 1591 Nonne
813 1529 903 1591 enim
928 1526 1066 1590 ridicule
1086 1528 1210 1590 iudicia
1232 1531 1367 1611 privata
1385 1537 1417 1590 et

223 1646 359 1729 publica
383 1648 416 1709 in
441 1648 586 1709 eundem
612 1647 836 1709 coniiciuntur
855 1645 978 1721 locum,
999 1655 1173 1728 tamquam
1195 1646 1223 1707 si
1243 1647 1417 1709 interesset

224 1764 326 1828 nihil?
359 1765 482 1828 Nonne
513 1766 740 1828 diversissima
772 1766 859 1828 inter
883 1785 918 1828 se
941 1765 1117 1846 coniungit
1139 1766 1211 1846 qui,
1236 1774 1415 1849 postquam

224 1887 371 1949 narravit
392 1887 434 1947 de
456 1885 708 1967 magistratibus
728 1887 819 1967 apud
840 1905 926 1967 quos
946 1884 1016 1968 lege
1033 1885 1150 1968 agitur
1172 1885 1286 1967 deque
1303 1905 1416 1965 eorum

224 2007 379 2080 decretis,
414 2007 529 2068 statim
565 2006 756 2088 disceptare
793 2007 910 2088 incipit
945 2006 988 2068 de
1023 2005 1163 2079 iudiciis,
1196 2026 1286 2087 quae
1319 2007 1417 2070 modo

224 2147 328 2208 penes
360 2126 513 2188 ordinem
546 2124 791 2206 amplissimum
824 2125 926 2187 modo
958 2144 1064 2206 penes
1093 2124 1249 2187 ordinem
1274 2126 1417 2207 splendi-

225 2247 399 2308 dissimum
420 2242 565 2307 suerint?
586 2244 642 2306 An
664 2244 852 2324 credamus,
872 2264 948 2306 cum
968 2243 1128 2308 Claudius
1139 2265 1233 2306 omne
1243 2245 1297 2307 ius
1311 2245 1416 2307 trade·

224 2375 274 2428 ret
299 2365 582 2447 procuratoribus,
607 2365 709 2426 etiam
735 2365 934 2446 permissum
956 2365 994 2426 iis
1014 2384 1087 2427 esse
1108 2373 1145 2427 ut
1165 2366 1208 2427 de
1231 2367 1416 2440 maiestate,

225 2485 268 2547 de
293 2485 489 2566 repetundis
512 2485 621 2546 simm.
646 2481 912 2565 cognoscerent?

269 2604 361 2666 Arm.
388 2603 465 2677 XV,
489 2604 542 2681 48.
571 2603 713 2681 ,Ineunt
738 2603 861 2666 deinde
886 2601 1098 2665 consulatum
1124 2601 1225 2667 Silius
1251 2603 1366 2667 Nerva
1384 2612 1416 2666 et

225 2723 362 2786 Atticus
381 2723 552 2795 Vestinus,
573 2730 696 2803 coepta
716 2719 814 2784 simul
833 2729 867 2783 et
886 2730 987 2784 aucta
1004 2724 1248 2798 coniuratione,
1267 2725 1415 2806 inquam

225 2845 379 2905 certatim
417 2841 554 2904 nomina
588 2841 754 2903 dederant
789 2848 963 2903 senatores
997 2861 1100 2923 eques
1136 2843 1242 2918 miles,
1276 2844 1415 2908 feminae

225 2964 338 3035 etiam,
364 2981 441 3027 cum
466 2961 545 3021 odio
571 2960 726 3034 NeroniS,
752 2967 823 3021 tum
848 2959 964 3023 savore
989 2961 1021 3023 in
1043 2961 1079 3024 C.
1102 2961 1271 3026 Pisonem.
1293 2965 1326 3026 Is
1347 2963 1416 3028 cal·

226 3081 346 3161 purnio
371 3099 494 3159 genere
519 3087 611 3140 ortus
635 3099 664 3140 e.
689 3100 722 3160 q.
748 3078 806 3140 s.''.

271 3199 415 3261 Narrare
450 3198 503 3259 hic
539 3199 581 3261 de
619 3199 738 3261 Pisone
775 3198 821 3259 ita
853 3198 991 3260 Tacitus
1023 3199 1151 3281 incipit,
1184 3209 1360 3283 tamquam
1391 3202 1415 3263 si

225 3338 397 3399 nunquam
429 3326 528 3379 antea
561 3339 638 3379 eum
671 3318 887 3379 nominasset.
916 3317 966 3379 Ar
991 3319 1189 3395 nominavit,
1214 3321 1320 3403 idque
1344 3322 1414 3385 loco

223 3439 279 3518 qui
306 3436 511 3499 confusionis
535 3445 569 3497 et
593 3436 741 3498 incuriae
767 3437 885 3519 plenus
908 3445 959 3498 est
985 3436 1080 3512 XIV,
1104 3438 1145 3519 65
1173 3439 1267 3522 (ergo
1292 3442 1325 3504 in
1349 3444 1415 3524 ipsa

224 3557 329 3619 nostri
353 3555 417 3617 loci
443 3555 588 3636 vicinia).

267 3676 404 3757 (Agitur
428 3676 470 3737 de
496 3674 641 3737 Neronis
665 3674 803 3749 libertis,
826 3697 911 3757 quos
932 3675 986 3739 ille
1007 3678 1129 3739 eodem
1148 3697 1240 3742 anno
1265 3700 1414 3760 ,veneno

223 3795 429 3857 interfecisse
461 3793 641 3868 creditus’‘,
667 3817 685 3857 e
710 3797 843 3878 quibus)
880 3796 1075 3874 ,Romanus
1101 3799 1241 3860 secretis
1265 3801 1414 3863 crimina·

223 3915 371 3977 tionibus
396 3915 607 3975 incusaverat
631 3913 796 3978 Senecam
822 3924 858 3976 ut
879 3914 915 3979 C.
939 3915 1068 3978 Pisonis
1087 3917 1235 3993 socium;
1258 3921 1318 3982 sed
1339 3921 1415 3983 vali·

223 4036 297 4098 dius
317 4055 336 4096 a
357 4033 486 4096 Seneca
507 4034 629 4096 eodem
651 4036 789 4096 crimine
811 4034 982 4116 perculsus
999 4043 1060 4097 est.
1075 4034 1176 4099 Unde
1192 4036 1304 4100 Pisoni
1318 4039 1416 4102 timor

223 4164 257 4216 et
282 4163 355 4216 orta
381 4153 574 4214 insidiarum
598 4154 632 4215 in
659 4153 830 4216 Neronem
851 4174 974 4234 magna
993 4152 1100 4215 moles
1120 4162 1154 4216 et
1176 4155 1416 4239 improspera''.

270 4274 361 4353 Ergo
394 4273 459 4332 iam
484 4292 513 4332 a.
539 4272 580 4333 62
606 4272 734 4334 Pisonis
765 4274 893 4335 socium
922 4272 988 4335 dici
1012 4271 1158 4353 capitale
1183 4274 1311 4337 crimen
1337 4284 1416 4338 erat.

224 4390 315 4474 Quid
333 4391 458 4453 lecerat
478 4388 573 4452 Piso?
595 4391 684 4468 ,lam
704 4391 799 4453 tum’'
818 4393 879 4454 viri
899 4392 991 4454 docti
1007 4391 1103 4454 aiunt
1119 4402 1269 4472 „secreta
1281 4394 1417 4458 fovebat
