3210 5274
772 339 834 406 170

205 501 297 581 quod
322 522 429 582 genus
453 502 629 564 hominum
653 523 789 585 semper
811 505 961 585 optimus
984 504 1129 584 quisque
1150 503 1312 584 princeps
1330 521 1395 583 gra·

204 620 349 682 vissimis
384 621 496 684 affecit
533 622 662 703 poenis.
699 622 744 683 Et
779 623 871 703 quod
904 643 992 695 eum,
1024 641 1232 703 quocunque
1263 623 1397 685 tandem

203 741 317 813 modo,
350 741 393 802 ad
426 740 673 803 consessionem
706 740 946 823 compellebat,
978 740 1060 804 nihil
1084 741 1140 804 ille
1165 742 1399 817 confitebatur,

205 860 297 939 quod
331 879 446 921 verum
480 880 546 922 non
573 869 671 923 esset.
697 860 764 924 Sed
791 861 855 924 hoc
880 880 969 923 nunc
994 862 1105 924 mitto
1131 861 1170 923 In
1196 862 1273 943 ipsa
1296 861 1399 924 Taciti

207 979 311 1040 verba
343 979 461 1041 vitium
495 980 666 1061 irrepsisse
698 981 830 1062 opinor.
855 979 918 1042 Est
942 979 1032 1042 enirn
1056 978 1152 1042 locus
1176 981 1344 1043 eiusmodi
1367 989 1400 1042 ut

204 1108 443 1161 enumerentur
474 1109 702 1181 notenturque
734 1119 958 1182 quaecunque
989 1099 1106 1163 iecerit
1138 1100 1212 1182 ipse
1237 1100 1397 1174 Tiberius

205 1239 271 1280 non
304 1239 390 1299 quae
421 1219 487 1282 alii.
521 1219 612 1301 Ergo
644 1240 707 1302 pro
737 1219 883 1283 dabatur
911 1218 1094 1300 legendum
1127 1238 1255 1282 censeo
1286 1219 1397 1282 dabat:

203 1348 273 1401 tam
294 1347 390 1401 erant
411 1338 549 1402 crebrae
570 1339 697 1402 Tiberii
719 1340 923 1421 rogationes,
945 1346 982 1401 ut
1001 1338 1234 1420 respondendi
1255 1340 1396 1421 spatium

204 1480 261 1521 reo
289 1479 356 1521 non
381 1466 479 1521 esset.
503 1459 619 1521 Etiam
643 1466 783 1541 propter
807 1478 953 1541 sequens
975 1458 1190 1540 quaesivisset
1213 1459 1397 1522 necessaria

204 1579 338 1641 videtur
369 1587 483 1641 nostra
515 1579 720 1641 emendatio.
757 1577 1000 1641 Gravissimum
1033 1598 1114 1640 vero
1144 1577 1212 1640 hoc
1245 1579 1348 1660 quod,
1373 1579 1397 1639 si

204 1700 349 1762 dabatur
371 1699 544 1773 retinetur,
565 1698 686 1761 frustra
707 1699 782 1780 quis
800 1718 869 1780 quo
883 1698 987 1760 modo
999 1696 1092 1760 illam
1106 1697 1224 1762 Silano
1239 1698 1399 1761 ademerit

177 1807 398 1881 =facultatem
419 1819 622 1899 quaerimus.
645 1817 846 1879 Formarum
868 1818 985 1899 quales
1002 1825 1080 1879 sunt
1095 1817 1199 1881 dabat
1210 1826 1248 1880 et
1259 1818 1398 1881 dabatur

203 1947 368 2019 perpetua
400 1946 451 1999 est
483 1939 516 1999 in
549 1937 724 2000 codicibus
752 1935 915 1999 confusio.
941 1936 986 1998 Et
1010 1957 1053 1999 ne
1078 1937 1216 1999 dubites
1241 1939 1323 2019 quin
1348 1958 1399 1999 ne·

204 2058 348 2120 cessaria
380 2059 575 2120 emendatio
603 2059 664 2131 sit,
688 2058 803 2139 aspice
827 2076 914 2137 quae
939 2056 1102 2119 continuo
1125 2066 1332 2138 sequuntur:
1362 2078 1399 2120 ac

202 2197 303 2259 saepe
324 2178 428 2239 etiam
448 2177 680 2239 confitendum
701 2185 773 2239 erat
795 2196 837 2238 ne
857 2175 979 2238 frustra
998 2176 1252 2257 quaesivisset”:
1276 2179 1322 2257 „si
1336 2179 1398 2240 iam

201 2297 314 2376 aliqua
334 2297 488 2377 quaestio
510 2299 555 2359 ita
576 2317 596 2359 a
615 2296 754 2359 Tiberio
774 2296 1015 2358 enuntiabatur
1035 2305 1072 2357 ut
1084 2294 1247 2358 eludendi
1263 2295 1399 2359 facultas

202 2417 370 2496 quaedam
402 2425 500 2490 esset,
534 2418 582 2478 uti
606 2424 720 2478 tamen
746 2415 802 2477 illa
826 2435 902 2478 reus
925 2435 992 2477 non
1019 2423 1164 2496 poterat,
1191 2416 1274 2496 quin
1299 2415 1396 2476 —id

203 2536 294 2616 quod
317 2536 464 2596 maxime
485 2535 661 2598 vitandum
682 2572 726 2581 —
747 2535 924 2597 ridiculum
944 2535 1104 2598 redderet
1120 2535 1397 2616 interrogantem.

268 2774 311 2836 A.
337 2775 397 2848 lV,
423 2775 453 2836 6.
481 2774 610 2836 Primos
634 2774 761 2837 Tiberii
785 2792 893 2836 annos
916 2781 952 2835 et
975 2773 1048 2836 aliis
1068 2773 1265 2836 nominibus
1285 2773 1400 2836 laudat

201 2895 340 2956 Tacitus
364 2903 398 2955 et
422 2894 486 2956 hoc
512 2895 625 2974 quod:

249 3013 457 3092 „Mandabat
502 3014 647 3076 honores
690 3013 902 3075 nobilitatem
947 3012 1124 3086 maiorum,
1161 3012 1400 3075 claritudinem

201 3133 349 3206 militiae,
391 3132 534 3194 illustres
565 3132 658 3193 domi
691 3140 780 3194 artes
812 3131 1011 3213 spectand0,
1049 3140 1086 3194 ut
1117 3132 1199 3193 satis
1227 3142 1400 3196 constaret

201 3274 267 3314 non
293 3252 376 3315 alios
400 3252 550 3332 potiores
575 3250 708 3313 suisse.”

246 3371 376 3435 Ultima
401 3391 467 3432 non
493 3370 660 3450 intelligo;
685 3369 908 3451 intelligerem
933 3369 1001 3432 vel:
1023 3381 1060 3433 ut
1078 3382 1199 3434 constet
1287 3374 1402 3454 fuisse

200 3492 253 3553 vel
286 3504 322 3555 nt
352 3502 517 3554 constaret
616 3510 692 3552 esse.
726 3487 816 3569 Quid
849 3489 939 3551 enirn
965 3489 1011 3552 rei
1036 3487 1110 3552 est?
1133 3489 1342 3554 Coniunctio
1366 3504 1402 3556 ut

201 3610 255 3672 hic
287 3632 355 3673 non
386 3609 490 3672 habet
519 3610 587 3670 vim
615 3608 765 3671 Graecae
788 3604 848 3683 iva,
873 3608 932 3670 sed
957 3608 1049 3671 idem
1074 3608 1164 3671 valet
1189 3612 1284 3691 quod
1309 3606 1400 3674 ὥστε.

201 3728 279 3790 Νοη
304 3729 382 3790 licet
407 3728 516 3790 Taciti
542 3727 647 3789 verba
671 3728 718 3790 sic
743 3727 957 3808 interpretari
981 3736 1019 3789 ut
1044 3727 1098 3790 hic
1119 3728 1245 3791 evadat
1263 3750 1400 3793 sensus:

203 3848 286 3926 „hoc
318 3847 473 3909 Tiberius
506 3846 684 3928 spectabat
717 3855 754 3908 ut
781 3846 940 3928 aequales
963 3848 1092 3909 scirent·
1112 3845 1224 3909 nullos
1249 3850 1403 3929 potiores

199 3968 307 4042 luisse,
341 3967 464 4048 quibus
495 3967 642 4029 honores
674 3964 883 4040 mandaret”;
913 3967 1042 4028 namsi
1068 3966 1143 4047 quis
1166 3967 1215 4029 ita
1239 3977 1401 4042 verteret,

198 4109 264 4150 uno
296 4088 463 4150 vocabulo
494 4088 578 4150 satis
608 4107 685 4149 eum
717 4085 814 4149 facile
847 4088 967 4149 erroris
998 4087 1289 4150 convinceremus.
1325 4088 1402 4151 Hoc

199 4208 288 4268 enim
311 4227 387 4268 cum
408 4206 577 4268 addiderit
598 4206 746 4279 Tacitus,
769 4206 894 4268 diserte
916 4206 1066 4269 declarat
1086 4226 1122 4267 se
1138 4227 1234 4269 suam
1249 4207 1400 4289 proferre

199 4327 405 4407 opinionem,
431 4327 473 4387 ad
498 4346 600 4406 quam
622 4334 698 4406 post
720 4325 867 4407 aliquam
889 4325 1170 4388 deliberationem
1193 4328 1400 4408 pervenerit.
