3210 5274
898 381 960 442 282

332 559 516 623 cohortes”:
552 559 705 622 literulae
739 579 759 622 a
795 558 894 622 nobis
928 556 1107 641 suppletae
1143 555 1241 620 facile
1276 558 1438 620 excidere
1472 577 1524 639 po·

333 688 481 742 tuerunt.

378 801 422 864 H.
448 801 508 875 III,
533 801 586 865 66.
616 780 793 880 ,Vitellius
816 798 910 882 ipse'’
936 801 983 861 sic
1007 798 1076 860 sere
1100 797 1240 860 Tacitus
1264 796 1417 878 loquitur
1445 798 1528 877 ,sine

334 918 402 982 ullo
434 921 620 982 certamine
651 919 864 1001 Vespasiano
895 919 1013 980 cessit:
1045 937 1066 979 o
1098 917 1229 980 utinam
1262 917 1387 980 eadem
1419 916 1530 980 suisset

334 1040 485 1101 omnium
507 1038 769 1101 Vitellianorum
790 1057 895 1111 mens,
917 1044 1045 1119 quanta
1065 1035 1241 1099 hominum
1262 1044 1396 1117 strages
1408 1036 1531 1099 evitata

335 1158 468 1221 suisset!
501 1159 552 1221 At
579 1178 647 1220 non
672 1179 712 1221 ea
736 1158 799 1221 fuit
823 1156 940 1240 populi
965 1155 1111 1219 Romani
1136 1153 1311 1218 felicitas”
1337 1153 1531 1238 Sequuntur

333 1278 418 1340 haec
442 1277 546 1360 ipsius
570 1277 692 1340 verba:

381 1396 560 1478 ,Ceterum
585 1404 622 1459 ut
646 1397 789 1478 quisque
813 1394 955 1458 Vitellio
980 1394 1077 1470 fidus,
1099 1395 1145 1458 ita
1166 1413 1288 1477 pacem
1308 1401 1344 1456 et
1365 1394 1529 1456 conditio·

332 1536 392 1578 nes
423 1516 631 1591 abnuebant,
664 1516 845 1579 discrimen
877 1535 917 1578 ac
949 1515 1099 1578 dedecus
1129 1522 1344 1577 ostentantes
1369 1522 1405 1577 et
1430 1513 1529 1576 fidem

332 1636 365 1697 in
397 1634 538 1697 libidine
570 1635 718 1698 victoris.
753 1635 826 1698 Nec
858 1643 991 1698 tantam
1022 1634 1236 1717 Vespasiano
1263 1634 1473 1716 superbiam,
1496 1643 1531 1697 ut

332 1755 502 1837 privatum
528 1754 706 1817 Vitellium
732 1763 921 1836 pateretur:
948 1775 989 1817 ne
1015 1755 1126 1817 victos
1150 1753 1290 1837 quidem
1315 1753 1462 1830 laturos3
1488 1755 1534 1817 ita

333 1874 520 1957 periculum
544 1896 589 1937 ex
613 1874 875 1938 misericordia.”

379 1993 612 2056 Misericordia
643 1994 698 2056 hic
730 1993 838 2076 qualis
870 1994 914 2056 sit
944 1993 1167 2075 intelligenda
1196 2002 1342 2075 apparet
1375 2014 1449 2057 ec.
1477 1995 1534 2076 58:

336 2112 507 2194 „plerique
543 2113 631 2175 haud
671 2113 814 2195 proinde
851 2113 1028 2176 Vitellium
1064 2133 1167 2196 quam
1203 2133 1319 2176 casum
1351 2112 1534 2195 locumque

333 2234 542 2316 principatus
563 2233 842 2297 miserabantur.”
863 2218 1093 2316 Cogitandum
1112 2253 1194 2316 ergo
1208 2242 1259 2297 est
1271 2235 1315 2297 de
1335 2233 1533 2327 Vitellianis,

332 2373 418 2433 quos
448 2355 580 2436 imperii
606 2353 782 2417 Vitelliani
814 2355 938 2417 deiecti
971 2354 1140 2429 misereat,
1165 2355 1291 2436 quique
1315 2375 1398 2436 ergo
1422 2355 1533 2418 iacere

332 2472 414 2534 illud
436 2493 504 2535 non
526 2475 593 2536 sint
614 2474 742 2555 passuri
763 2474 824 2536 sed
845 2475 972 2556 erigere
993 2475 1149 2536 conaturi
1170 2474 1247 2556 (,ne
1267 2475 1378 2536 victos
1391 2475 1533 2556 quidem

333 2592 505 2674 latur0s”).
539 2593 666 2655 Nostro
696 2600 812 2656 autem
843 2592 920 2656 loco
952 2593 1031 2655 inde
1065 2613 1085 2656 a
1111 2612 1195 2655 voce
1218 2593 1267 2655 ita
1291 2602 1535 2676 exspectamus

333 2713 564 2776 conclusionem
600 2714 773 2794 quandam
809 2733 926 2775 eorum
957 2731 1045 2794 quae
1080 2712 1307 2793 praecedunt:
1343 2731 1385 2774 ea
1417 2721 1532 2775 autem

333 2831 495 2914 bipartito
527 2839 607 2893 sunt
634 2832 760 2894 divisa:
785 2832 896 2913 agitur
919 2831 1010 2894 enim
1034 2839 1069 2893 et
1094 2830 1137 2893 de
1162 2830 1376 2913 Vespasiano
1402 2831 1533 2894 victore

333 2959 368 3014 et
399 2953 442 3014 de
467 2952 575 3014 victis.
601 2951 650 3013 At
674 2951 826 3033 sequitur
849 2949 976 3033 aliquid
1001 2951 1105 3032 quod,
1130 2959 1168 3012 ut
1192 2951 1347 3026 vidimus,
1373 2951 1417 3013 ad
1443 2950 1535 3014 solos

342 3070 532 3134 Vitellianos
556 3071 741 3153 pertineat:
768 3069 956 3153 periculum
980 3090 1024 3132 ex
1049 3070 1296 3133 misericordia:
1321 3070 1535 3153 principatus

334 3189 473 3271 collapsi
500 3191 730 3252 misericordia
755 3189 958 3252 Vitellianos
983 3209 1024 3250 eo
1047 3189 1197 3252 adducet
1221 3197 1258 3252 ut
1283 3191 1398 3253 denuo
1423 3190 1534 3254 Vitel-

332 3308 413 3371 lium
445 3310 489 3371 ad
522 3309 710 3390 principem
742 3307 854 3371 locum
886 3308 1048 3371 reducere
1079 3316 1254 3382 conentur,
1279 3316 1383 3389 atque
1406 3310 1455 3372 sic
1479 3310 1534 3373 ille

334 3430 455 3491 iterum
488 3429 578 3491 vitae
610 3428 719 3491 adibit
751 3426 949 3509 periculum.
981 3427 1159 3490 Excidisse
1184 3446 1275 3508 ergo,
1301 3428 1441 3488 namin
1468 3428 1534 3490 isto

337 3549 402 3629 ,ita
427 3547 613 3630 periculum
639 3568 682 3610 ex
706 3546 959 3609 misericordia”
983 3547 1195 3609 desideratur
1218 3544 1348 3627 aliquid
1372 3547 1468 3627 quod
1489 3547 1534 3610 ad

332 3668 514 3731 Flavianos
534 3668 712 3749 pertineat,
734 3666 903 3747 quaedam
924 3685 1057 3739 censeo,
1079 3672 1114 3727 et
1133 3663 1289 3727 lacunam
1308 3664 1356 3726 sic
1369 3663 1533 3746 suppleo:

336 3787 402 3865 ,ita
434 3785 619 3869 periculum
652 3784 686 3847 et
718 3805 736 3846 e
768 3794 861 3847 metu
894 3785 929 3848 et
960 3781 1273 3847 misericordia”:
1298 3781 1535 3865 Vespasianus

334 3916 426 3970 metu
457 3909 579 3970 ductus
611 3905 788 3969 Vitellium
813 3905 1038 3968 occidendum
1063 3904 1205 3979 curabit,
1231 3902 1408 3967 Vitelliani
1434 3904 1536 3967 mise·

333 4028 478 4089 ricordia
503 4028 586 4090 moti
611 4027 758 4089 eundem
783 4026 817 4088 in
842 4027 933 4089 vitae
956 4026 1129 4090 adducent
1153 4025 1346 4089 discrimen.

379 4267 422 4328 H.
448 4266 509 4340 ΙΙΙ,
535 4281 587 4348 72.
621 4268 673 4329 De
703 4265 864 4349 Capitolii
889 4267 1047 4329 incendio
1070 4266 1156 4329 haee
1178 4266 1319 4329 Tacitus
1341 4265 1534 4330 exclamat:

382 4385 440 4462 ,Id
474 4386 602 4448 facinus
628 4395 705 4467 post
730 4388 904 4449 conditam
925 4387 1044 4449 urbem
1068 4386 1354 4449 luctuosissimum
1378 4384 1534 4449 foedissi-
