3210 5274
772 344 832 425 169

201 529 372 585 recreatur
398 541 509 602 aeger,
537 521 644 584 multo
668 522 791 585 lentius
817 521 896 585 illud
923 522 961 584 fit
985 522 1219 605 difficiliusque
1245 543 1346 604 quam
1372 523 1398 584 si

201 642 332 724 optima
365 661 520 722 quaeque
554 641 597 703 de
625 662 742 704 eorum
766 651 839 705 arte
863 651 987 725 sperat.
1012 641 1080 706 Sed
1104 644 1156 706 vis
1181 643 1288 704 morbi
1313 642 1399 704 tristi

202 759 257 823 illa
283 760 445 842 opinione
471 780 538 822 non
564 769 716 842 augetur,
742 781 819 823 nam
845 761 952 824 sicubi
977 761 1032 824 illa
1057 782 1124 824 vox
1148 762 1280 844 legitur,
1305 782 1400 844 prae·

203 879 318 941 sertim
343 879 463 941 addito
487 879 658 942 adiectivo
678 901 787 954 saeva,
809 882 851 944 de
867 882 982 962 primo
1003 881 1112 942 morbi
1133 881 1254 962 impetu
1275 881 1401 961 cogita·

204 1020 287 1061 mus
326 999 504 1062 Praeterea
541 1001 632 1081 prius
663 1001 807 1063 edocere
839 1000 991 1081 legentes
1021 1020 1159 1062 saevam
1190 1001 1258 1061 vim
1291 1000 1400 1061 morbi

204 1118 315 1194 luisse,
347 1129 419 1182 tum
451 1121 577 1184 addere
610 1121 692 1202 quid
726 1141 802 1183 eam
829 1122 962 1183 auxerit
986 1123 1099 1196 etiam,
1125 1129 1275 1203 praestat
1299 1141 1400 1202 quam

205 1239 289 1302 duas
321 1239 421 1302 hasce
454 1260 507 1302 res
531 1240 564 1302 in
590 1260 690 1304 unam
716 1241 916 1304 contrahere
940 1242 1190 1304 sententiolam.
1216 1241 1294 1303 Non
1319 1260 1400 1321 ergo

204 1360 277 1421 sine
302 1379 402 1421 causa
425 1360 572 1442 suspicio
597 1360 679 1422 mihi
703 1369 783 1423 nata
807 1369 858 1423 est
881 1361 1053 1443 scripsisse
1077 1360 1251 1423 Tacitum:
1282 1379 1401 1439 ,saeva

205 1479 255 1540 vis
288 1478 396 1540 morbi
427 1459 576 1560 adgebat
607 1481 860 1561 persuasionem
893 1480 1014 1542 veneni
1039 1501 1058 1543 a
1085 1480 1205 1542 Pisone
1237 1477 1401 1561 accepti.''

208 1598 282 1661 Hoc
316 1598 422 1661 multo
455 1599 574 1662 melius
606 1620 683 1662 cum
711 1599 995 1682 praecedentibus
1019 1599 1185 1662 concinit:
1211 1599 1277 1660 iam
1301 1607 1402 1661 antea

207 1738 375 1781 venenum
401 1719 464 1781 sibi
489 1740 509 1782 a
535 1720 655 1782 Pisone
680 1721 797 1782 datum
823 1728 857 1782 et
878 1720 950 1802 ipse
970 1720 1161 1782 crediderat
1183 1718 1403 1782 Germanicus

206 1847 240 1899 et
272 1839 390 1901 amicis
416 1838 567 1914 dixerat;
593 1848 665 1902 tum
691 1861 771 1902 vero
796 1840 868 1922 ipsa
892 1838 1001 1901 morbi
1027 1860 1067 1901 ea
1091 1848 1172 1902 erat
1188 1839 1403 1901 vehementia

208 1965 242 2018 ut
275 1958 392 2038 opinio
425 1959 499 2031 ista,
532 1979 618 2040 quae
651 1959 752 2041 paulo
784 1967 896 2032 antea,
921 1967 1073 2021 recreato
1098 1959 1163 2022 iam
1190 1957 1403 2032 Germanico,

206 2078 238 2138 in
272 2079 464 2158 praesentia
495 2078 701 2159 elanguerat,
734 2099 823 2175 no'va
848 2079 880 2141 vi
906 2088 1104 2160 resurgeret.
1130 2078 1174 2140 Et
1200 2078 1277 2140 vide
1301 2098 1403 2159 quam

208 2196 343 2278 egregie
369 2217 457 2258 nunc
477 2198 654 2278 sequentia
675 2206 909 2272 annectantur,
931 2219 1029 2279 quae,
1050 2199 1077 2260 si
1097 2199 1221 2260 tradita
1242 2198 1405 2260 retinetur

210 2316 323 2390 lecti0,
345 2317 402 2378 vix
423 2316 608 2397 quidquam
631 2337 699 2398 quo
721 2316 906 2380 reserantur
925 2317 1070 2380 habent:
1088 2326 1140 2397 „et
1154 2317 1409 2399 reperiebantur

212 2438 283 2500 solo
319 2458 358 2500 ac
395 2438 580 2520 parietibus
615 2447 731 2501 erutae
767 2439 990 2501 humanorum
1023 2458 1203 2521 corporum
1235 2437 1407 2519 reliquiae,

212 2559 360 2620 carmina
393 2567 428 2619 et
459 2558 660 2620 devotiones
693 2579 722 2620 e.
740 2579 772 2640 q.
789 2558 838 2621 s.’'
862 2559 882 2620 i.
896 2579 925 2620 e.
951 2559 1085 2639 iamque
1109 2559 1196 2620 adeo
1221 2557 1409 2619 invaluerat

212 2676 265 2740 illa
297 2678 471 2759 persuasio
503 2687 539 2740 ut
572 2687 664 2740 certa
691 2679 826 2741 sceleris
850 2678 1129 2759 conquirerentur
1155 2676 1288 2750 indicia,
1314 2697 1408 2738 mox·

214 2818 277 2878 que
302 2818 421 2860 revera
446 2798 585 2860 inventa
610 2818 649 2860 ea
672 2806 761 2859 sunt.

257 3034 317 3096 lll.
343 3035 396 3116 67.
423 3033 556 3097 Silanus
580 3036 845 3117 repetundarum
870 3055 913 3096 ex
934 3033 1017 3096 Asia
1038 3041 1231 3107 accusatur;
1253 3034 1333 3114 quin
1353 3053 1408 3094 ve·

217 3173 287 3214 rum
312 3152 394 3215 illud
421 3152 520 3215 suerit
544 3154 672 3215 crimen
696 3152 834 3216 Tacitus
858 3173 926 3215 non
948 3152 1096 3216 dubitat:
1118 3152 1215 3214 addit
1234 3152 1408 3214 saevitiam

218 3292 351 3353 quoque
376 3274 447 3335 eius
472 3274 504 3334 in
529 3293 570 3334 eo
595 3273 720 3335 iudicio
745 3272 902 3354 patuisse.
929 3272 974 3333 Et
998 3280 1113 3334 tamen
1134 3271 1193 3333 dat
1214 3291 1353 3353 operam
1373 3279 1410 3331 ut

220 3392 368 3474 legentes
400 3394 446 3455 rei
480 3393 636 3456 misereat
668 3413 853 3474 eorumque
885 3394 917 3454 in
950 3390 1123 3453 Tiberium
1150 3393 1198 3453 ira
1223 3400 1409 3465 moveatur,

219 3519 248 3573 et
272 3512 339 3574 alia
361 3532 633 3575 commemorans
657 3521 692 3574 et
716 3512 818 3574 haec:

262 3651 350 3709 „non
382 3638 596 3713 temperante
628 3630 776 3706 Tiberio,
809 3632 890 3712 quin
923 3639 1092 3713 premeret
1119 3649 1203 3692 voce
1228 3629 1333 3703 vultu,
1358 3650 1409 3705 eo,

223 3751 310 3830 quod
343 3753 416 3833 ipse
448 3751 650 3813 creberrime
682 3751 923 3832 interrogabat,
952 3771 1062 3831 neque
1087 3749 1237 3812 refellere
1261 3758 1319 3813 aut
1343 3749 1411 3811 elu-

221 3870 295 3932 dere
328 3870 483 3945 dabatur,
515 3891 554 3933 ac
585 3891 686 3951 saepe
719 3871 821 3932 etiam
854 3870 1086 3933 confitendum
1114 3879 1197 3946 erat,
1223 3890 1264 3932 ne
1290 3869 1410 3932 frustra

221 3989 470 4069 quaesivisset.”

261 4108 399 4190 Quanta
430 4108 529 4171 suerit
561 4108 670 4171 Taciti
703 4109 736 4171 in
768 4108 943 4172 Tiberium
975 4110 1134 4191 iniquitas
1166 4108 1218 4170 vel
1247 4128 1333 4170 unus
1358 4109 1411 4170 hic

222 4225 311 4290 locus
334 4228 416 4290 satis
439 4247 607 4310 superque
632 4226 793 4290 declarat.
818 4227 906 4291 Nam
933 4229 1031 4291 fuerit
1054 4228 1210 4291 Tiberius
1235 4227 1289 4289 hic
1310 4228 1411 4309 paulo

224 4349 367 4410 severior
388 4367 488 4428 quam
510 4367 596 4428 opus
608 4354 690 4421 erat,
704 4354 739 4408 at
753 4367 805 4408 res
817 4347 847 4408 ei
861 4356 933 4410 erat
945 4367 1020 4409 cum
1035 4348 1230 4429 provinciae
1244 4346 1411 4422 carnifice,
