3210 5274
695 392 761 456 224

136 562 312 623 servitium
346 562 455 644 magis
479 561 640 623 inclinare
664 561 874 624 dicerentur:
900 560 987 622 servi
1012 559 1103 623 enim
1129 557 1342 620 Parthorum

138 700 242 762 quam
276 681 507 743 Romanorum
538 679 609 742 lieri
638 680 738 742 malle
761 680 964 743 dicerentur.
999 678 1049 741 At
1072 677 1237 741 Armenii
1263 698 1343 740 cum

139 800 267 863 faciunt
299 803 391 883 quod
424 801 570 863 Romani
601 801 753 883 cupiunt,
786 810 823 862 ut
846 820 961 883 regem
984 819 1005 862 a
1027 808 1149 861 senatu
1175 798 1342 861 Romano

140 929 270 1003 petant,
294 920 450 1001 scriptori
476 920 632 982 Romano
657 939 725 981 non
748 920 837 981 servi
860 918 931 981 fieri
955 919 1014 981 sed
1040 918 1178 1001 plenam
1208 917 1342 1000 persec-

140 1048 279 1121 tamque
315 1039 470 1121 accipere
504 1037 698 1101 libertatem
734 1038 903 1100 videntur.
945 1037 1146 1101 Parthorum
1184 1037 1244 1100 ille
1280 1059 1342 1101 eos

140 1180 262 1233 servos,
297 1166 332 1220 at
369 1159 601 1221 Romanorum
635 1160 736 1221 soccos
769 1159 952 1239 amicosque
986 1158 1079 1220 dicit.
1116 1158 1212 1240 Ergo
1250 1158 1343 1233 illuc,

140 1279 234 1360 quod
265 1278 428 1340 traditum
460 1285 522 1352 est,
546 1278 751 1339 servandum
774 1298 839 1360 ego
863 1297 997 1352 censeo,
1021 1287 1056 1340 at
1080 1277 1272 1341 delendum
1298 1277 1349 1340 ad

140 1399 326 1461 srrvitium.
363 1396 418 1461 Sic
453 1397 568 1459 omnia
598 1396 741 1460 Taciteo
771 1405 870 1459 erunt
901 1397 1076 1459 enuntiata
1107 1417 1273 1460 sermone
1308 1406 1346 1460 et

142 1518 289 1581 Romani
322 1517 467 1579 hominis
499 1515 646 1578 reserent
677 1516 849 1579 iudicium.
895 1516 1010 1612 Multis
1042 1517 1142 1579 rebus
1178 1516 1345 1581 Armenii

142 1638 318 1720 propiores
350 1636 482 1698 Parthis
512 1656 615 1718 quam
648 1636 812 1698 Romanis
843 1644 949 1711 erant,
982 1644 1017 1698 et
1047 1635 1202 1700 libertate
1227 1639 1348 1721 ignom

143 1758 222 1820 illuc
246 1758 353 1839 magis
377 1756 596 1818 inclinabant.
633 1756 732 1818 Nunc
758 1776 826 1818 non
850 1756 919 1818 duo
942 1757 1031 1819 Inter
1053 1776 1089 1818 se
1114 1769 1348 1840 opponuntur

142 1879 290 1953 servitia,
322 1879 382 1940 sed
414 1877 560 1951 libertos,
593 1897 680 1959 quae
712 1877 880 1939 sociorum
910 1877 1029 1959 Populi
1055 1878 1203 1940 Romani
1230 1888 1284 1942 est
1310 1890 1348 1943 et

142 1999 317 2060 srroitium
337 1997 458 2077 gentis,
479 2016 566 2079 quae
589 1996 720 2058 Parthis
732 2016 767 2059 se
780 1997 944 2078 adiungit.
970 1997 1062 2059 Bene
1076 2017 1147 2059 rem
1162 2001 1348 2080 perspexit

144 2117 202 2198 qui
236 2116 289 2178 hic
321 2116 501 2199 adscripsit
532 2117 581 2178 ad
607 2117 792 2191 servitium,
824 2117 884 2179 sed
915 2117 1175 2179 annotationem
1209 2119 1287 2180 eius
1313 2120 1349 2180 in

144 2243 278 2297 textum
303 2236 407 2318 recipi
432 2255 499 2298 non
524 2235 717 2318 oportebat.

189 2354 233 2416 A.
268 2355 364 2430 XIII,
396 2372 449 2434 40.
486 2354 542 2417 Ad
568 2353 821 2437 confligendum
846 2375 923 2418 cum
948 2355 1121 2418 Armeniis
1146 2359 1349 2438 procedunt

147 2475 311 2537 Romani:

193 2594 250 2673 „In
272 2593 430 2655 cornibus
451 2594 556 2675 pedes
575 2593 768 2675 sagittarius
788 2603 824 2656 et
836 2603 949 2657 cetera
965 2614 1083 2657 manus
1096 2596 1256 2676 equitum
1270 2597 1348 2663 ibat

138 2714 354 2796 productiore
377 2734 497 2775 cornus
519 2715 552 2776 in
575 2713 746 2777 sinistro?

190 2834 253 2896 Pro
278 2833 400 2896 vitiosa
422 2833 567 2895 Medicei
587 2833 735 2896 lectione
756 2824 942 2898 deteriores
962 2834 1127 2898 exhibent
1141 2837 1348 2916 productior

145 2974 246 3016 cornu
271 2954 305 3015 in
325 2954 471 3026 sinistro,
493 2952 655 3034 Agricola
669 2953 884 3036 productiore
903 2975 1005 3017 cornu
1024 2955 1163 3018 sim'stro
1182 2957 1348 3034 coniecit,

147 3072 299 3154 Lipsius:
318 3073 534 3156 productiore
557 3092 714 3134 cornuum
737 3073 885 3148 sinistro,
911 3073 1141 3156 Nipperdeius
1164 3095 1248 3139 vero
1263 3089 1349 3160 pro·

145 3193 309 3254 doctiores
339 3193 372 3254 in
403 3192 550 3265 sinistro,
583 3211 670 3273 quae
703 3192 855 3254 omnium
885 3201 936 3255 est
960 3194 1108 3275 pessima
1131 3196 1345 3259 coniectura.

146 3308 213 3373 Sed
247 3329 357 3391 neque
390 3320 520 3373 ceteras
552 3310 742 3392 quisquam,
776 3320 813 3373 ut
844 3311 976 3393 opinor,
1010 3313 1182 3395 probabit.
1232 3315 1346 3379 Unice

146 3448 261 3490 verum
296 3430 429 3492 videtur
460 3430 551 3512 quod
581 3430 641 3492 dat
667 3430 839 3493 Halmius:
858 3432 1074 3514 productiore
1099 3434 1250 3510 sinistro,
1275 3455 1345 3517 qua

145 3546 292 3610 lectione
322 3548 420 3611 simul
448 3550 623 3631 quomodo
648 3557 727 3612 nata
751 3551 793 3612 sit
820 3550 966 3613 Medicei
992 3551 1094 3615 lectio
1118 3553 1259 3635 patefit:
1286 3575 1345 3617 vo·

146 3666 304 3728 cabulum
333 3668 366 3729 in
391 3669 541 3750 margine
565 3669 774 3749 adscriptum
800 3669 846 3731 ita
870 3669 904 3732 in
928 3678 1062 3734 textum
1087 3681 1139 3735 est
1164 3681 1344 3755 receptum

146 3793 183 3847 ut
219 3786 451 3867 dittographia
486 3786 598 3849 fieret:
636 3808 736 3849 cornu
772 3789 824 3850 sin
859 3789 1008 3863 simum,
1043 3791 1134 3853 unde
1171 3801 1345 3856 corrector

147 3906 287 3987 quidam
312 3905 429 3967 infelix
452 3926 572 3968 cornus
595 3907 629 3968 in
652 3907 790 3970 sinistro
815 3907 924 3971 finxit.

192 4025 236 4085 id.
262 4024 411 4087 Corbulo
436 4046 549 4087 secum
574 4026 617 4087 de
641 4026 724 4088 urbe
750 4025 928 4091 Artaxatis
952 4031 1104 4111 petenda
1124 4030 1234 4112 agitat
1255 4039 1345 4093 ratus

149 4143 227 4205 illuc
252 4144 428 4206 Tiridaten
453 4146 677 4207 concessisse:

198 4265 304 4342 „Dein
343 4274 523 4346 postquam
556 4265 790 4346 exploratores
822 4267 967 4331 attulere
999 4268 1225 4353 longinquum
1260 4269 1345 4352 regis

50 4416 55 4424 ·
150 4382 279 4444 iter...
312 4382 421 4444 lucem
454 4385 646 4465 opperitur;
680 4387 934 4470 praemissaque
959 4389 1025 4451 levi
1049 4399 1233 4466 armatura,
1258 4409 1343 4473 quae
