3210 5274
783 403 843 469 132

210 561 326 644 pulum
359 564 647 645 deprehendimus
678 587 779 647 quam
812 587 889 629 cum
922 567 1008 629 duos
1038 566 1229 631 Annalium
1262 567 1401 643 iocose

209 680 296 745 libro
321 683 370 745 XI
394 684 549 760 alterurn,
574 684 718 748 alterum
742 706 761 748 e
785 685 873 750 libro
895 686 974 761 XII,
996 687 1084 748 inter
1104 707 1140 749 se
1161 707 1401 770 comparamus.

254 803 315 865 XI.
357 821 382 865 1.
423 805 648 887 ,lMessalina)
684 806 859 870 Valerium
896 805 1099 883 Asiaticum,
1135 807 1189 870 bis
1226 809 1400 883 consulem,

209 922 309 985 fuisse
334 925 508 1005 quondam
532 924 723 988 adulterum
747 927 819 989 elus
843 926 1036 1010 (Poppaeae
1061 926 1224 1009 Sabinae)
1250 928 1401 1001 credidit;

209 1043 403 1124 pariterque
426 1043 535 1107 lrortis
558 1045 701 1120 inhians,
725 1066 811 1127 quos
835 1046 889 1108 ille
914 1067 934 1108 a
958 1046 1104 1108 Lucullo
1124 1056 1273 1130 coeptos
1293 1048 1401 1129 insigni

209 1162 462 1244 magnificentia
474 1163 672 1238 extollebat,
687 1163 841 1228 Suillium
855 1165 1053 1228 accusandis
1061 1165 1216 1248 utrisque
1225 1165 1402 1229 immittas·

254 1281 331 1356 XII,
359 1297 410 1364 59.
438 1281 507 1361 ,At
531 1281 691 1345 Claudius
715 1283 911 1346 saevissima
935 1303 1091 1366 quaeque
1116 1305 1280 1366 promere
1300 1286 1401 1367 adige-

208 1403 308 1464 batur
339 1402 492 1463 eiusdem
523 1401 736 1484 Agrippinae
769 1404 908 1478 artibuS,
937 1424 1025 1485 quae
1049 1402 1225 1467 Statilium
1251 1405 1400 1479 Taurum,

208 1521 331 1603 opibus
354 1520 528 1596 illustrem,
552 1521 661 1586 hortis
682 1524 753 1587 eius
775 1523 910 1587 inhians
933 1524 1098 1607 pervertit
1123 1535 1311 1589 accusante
1329 1525 1400 1588 Tar·

208 1641 318 1723 quitio
344 1641 492 1704 Prisc0.'’

255 1760 406 1836 Pulcher,
438 1761 603 1843 profect0,
636 1762 800 1825 orationis
831 1762 988 1826 flosculus
1019 1772 1070 1826 est
1102 1763 1186 1827 illud
1219 1765 1339 1847 ,hortis
1360 1765 1401 1827 in·

207 1878 325 1954 hians',
343 1880 547 1962 egregieque
560 1879 617 1943 illo
631 1882 826 1963 depingitur
839 1883 1058 1965 intemperies
1070 1884 1186 1946 uxoris
1199 1884 1400 1967 impotentis,

207 2020 294 2082 quac
326 2000 485 2082 cupidine
510 2020 655 2063 accensa
678 2002 830 2064 insontes
855 2003 1067 2083 perverterit.
1093 2000 1174 2076 Sed,
1200 2021 1400 2085 quamquam

207 2119 364 2182 lubenter
394 2120 548 2181 concedo
580 2120 739 2202 pulchros
763 2119 881 2182 hortos
905 2141 948 2182 ex
971 2140 1013 2182 eo
1038 2141 1150 2183 rerum
1175 2142 1250 2186 esse
1274 2143 1399 2205 genere,

207 2259 291 2319 quas
321 2260 443 2301 avarae
473 2240 699 2321 crudelesque
720 2239 877 2302 mulieres
901 2261 981 2322 prae
1005 2242 1127 2304 ceteris
1152 2241 1282 2306 habere
1306 2252 1399 2324 atque

207 2359 294 2420 adeo
320 2379 379 2440 per
402 2379 571 2422 summum
596 2360 704 2423 scelus
728 2360 884 2422 othnere
908 2360 1069 2435 nitantur,
1090 2370 1218 2437 tamen,
1240 2363 1396 2444 quianon

208 2480 250 2541 de
269 2478 341 2541 sola
362 2479 544 2542 Messalina
565 2479 618 2541 vel
639 2478 843 2562 Agrippina,
858 2481 920 2542 sed
937 2480 980 2542 de
997 2489 1138 2563 utraque
1153 2480 1288 2546 Claudii
1302 2500 1396 2546 uxore

206 2597 298 2660 hisce
318 2598 428 2678 agitur
448 2597 541 2672 locis,
562 2597 644 2660 illud
664 2597 772 2661 hortis
791 2598 926 2661 inhians
946 2619 989 2661 ne
1010 2619 1078 2661 non
1097 2608 1168 2662 tam
1185 2601 1230 2663 ad
1248 2609 1396 2664 accurate

206 2737 276 2779 rem
309 2719 510 2780 tradendam
542 2737 644 2797 quam
676 2718 720 2780 ad
752 2717 939 2799 legentium
963 2719 1095 2781 animos
1118 2718 1166 2782 ira
1192 2729 1228 2782 et
1252 2722 1395 2803 indigna·

205 2836 299 2897 tione
323 2837 592 2898 commovendos
615 2837 797 2919 utrobique
821 2839 865 2900 sit
889 2837 1039 2918 positum
1063 2846 1216 2901 metuere
1246 2840 1377 2922 incipio.

251 2955 327 3017 Hoc
348 2963 478 3017 certum
495 2964 545 3016 est
563 2954 737 3036 eleganter
754 2964 911 3038 terseque
924 2956 1161 3019 conformandi
1175 2956 1242 3020 loci
1256 2960 1395 3022 studium

204 3074 309 3136 semel
333 3094 374 3135 eo
398 3075 581 3137 adduxisse
605 3074 762 3138 Taciturn
788 3086 824 3138 ut
848 3077 882 3138 in
907 3076 1163 3139 considerandis
1187 3078 1300 3154 rebus,
1322 3095 1395 3162 quas

204 3193 306 3275 paulo
330 3201 410 3255 ante
435 3203 639 3269 narraverat,
663 3203 819 3277 apertum
844 3197 1075 3259 committeret
1099 3216 1262 3261 errorem.

249 3311 292 3373 H.
317 3311 377 3386 IV,
405 3330 456 3393 33.
490 3312 606 3375 Civilis
636 3334 714 3376 cum
747 3322 843 3396 parte
874 3315 1048 3396 coplarum
1073 3316 1299 3398 improvisum
1324 3317 1395 3382 lacit

202 3432 368 3514 Impetum
401 3432 433 3493 in
467 3432 619 3495 Voculae
643 3441 769 3509 castra3
795 3434 932 3516 iamque
957 3435 1003 3496 ibi
1027 3434 1180 3517 legiones
1203 3436 1298 3519 ipsas
1322 3448 1397 3501 ster·

202 3571 280 3614 nere
305 3552 471 3635 incipiunt
496 3572 572 3614 cum
596 3553 709 3615 subito
734 3553 868 3616 fortuna
892 3574 1027 3636 pugnae
1052 3563 1220 3619 mutatur:

249 3671 464 3749 ,Vasconum
497 3671 605 3733 lectae
638 3691 657 3733 a
685 3671 795 3735 Galba
819 3672 978 3736 cohortes
1001 3694 1041 3736 ac
1065 3683 1137 3737 tum
1162 3675 1296 3738 accitae
1321 3678 1404 3740 dum

199 3791 317 3853 castris
358 3791 600 3872 propinquant,
636 3792 753 3854 audito
789 3791 1028 3874 proeliantium
1064 3792 1213 3857 clamore
1250 3796 1411 3860 intentos

199 3908 306 3970 hostis
337 3929 357 3970 a
389 3916 487 3990 tergo
512 3910 678 3972 invadunt
702 3910 927 3993 latioremque
951 3932 1054 3994 quarn
1079 3934 1142 3996 pro
1166 3934 1312 3979 numero
1338 3927 1408 3982 ter-

200 4048 310 4090 rorem
336 4028 472 4102 faciunt,
497 4029 570 4091 aliis
593 4050 613 4091 a
639 4028 821 4105 Novaesi0,
846 4030 920 4093 aliis
940 4051 961 4093 a
981 4032 1204 4114 Mogontiaco
1225 4037 1405 4103 universas

199 4147 314 4228 copias
338 4147 515 4210 advenisse
537 4149 764 4211 credentibus.
787 4149 819 4213 Is
839 4170 932 4212 error
953 4150 1117 4214 Romanis
1136 4154 1235 4216 addit
1255 4156 1403 4234 animos,

199 4275 232 4327 et
264 4268 345 4328 dum
377 4266 495 4329 alienis
520 4268 645 4331 viribus
670 4268 858 4360 confidunt,
882 4290 958 4332 suas
983 4290 1152 4354 recepere.
1177 4272 1402 4340 FortissImus

198 4385 341 4466 quisquc
365 4405 383 4446 c
408 4385 554 4462 Batavis,
576 4398 742 4469 quantum
763 4392 917 4473 peditum
939 4398 1022 4464 erat,
1043 4391 1272 4456 trucidantur:
1294 4414 1402 4476 eques
