3210 5274
869 1239 946 1306 XX.

472 1492 524 1540 AD
547 1493 761 1544 PLUTARCHI
785 1496 894 1546 VlTAS
918 1495 1067 1547 GALBAE
1091 1498 1139 1548 ET
1163 1500 1342 1551 OTHONIS.

353 1734 523 1817 Quoniam
555 1759 656 1801 nemo
687 1760 804 1803 eorum
836 1741 894 1822 qui
925 1741 1046 1804 Tacito
1075 1743 1160 1805 dant
1183 1762 1324 1825 operam
1348 1764 1420 1808 non
1443 1743 1508 1808 t're·

307 1865 451 1938 quenter
472 1857 642 1920 Plutarchi
664 1860 750 1922 vitas
771 1859 900 1923 Galbae
921 1869 955 1923 et
976 1860 1123 1924 Othonis
1140 1863 1286 1945 inspicit,
1300 1883 1378 1926 cum
1392 1872 1509 1926 cetera

308 1996 396 2057 quae
427 1977 470 2038 ad
502 1977 595 2039 illum
627 1979 828 2060 scriptorem
859 1989 1025 2043 annotata
1057 1981 1138 2043 mihi
1170 1982 1283 2044 iacent
1316 1982 1349 2044 in
1375 1983 1509 2045 scriniis

307 2097 496 2173 identidem
518 2098 716 2180 paginarum
737 2101 984 2182 explendarum
1006 2121 1107 2163 causa
1120 2101 1369 2183 Mnemosynae
1383 2102 1508 2178 insero,

309 2238 400 2280 meas
431 2219 475 2281 ad
507 2219 579 2280 illas
611 2220 698 2281 vitas
729 2221 968 2283 annotationes
1001 2241 1068 2283 uno
1100 2222 1212 2303 capite
1240 2221 1508 2303 comprehensas

307 2337 361 2400 hic
398 2358 589 2420 proponere
624 2348 796 2421 praestare
832 2341 977 2402 videtur.
1013 2340 1162 2403 Primum
1194 2341 1284 2404 enim
1316 2341 1506 2405 admodum

308 2479 450 2540 magnus
480 2479 595 2522 earum
626 2468 677 2522 est
701 2454 877 2523 numerus:
910 2461 999 2523 haud
1026 2462 1157 2536 mirum,
1183 2462 1351 2542 siquidem
1377 2463 1506 2525 nullam

308 2575 476 2640 Plutarchi
508 2587 640 2660 partem
673 2581 807 2661 saepius
839 2580 1102 2661 diligentiusque
1126 2581 1192 2661 legi
1202 2607 1210 2656 ;
1235 2589 1358 2662 sponte
1383 2601 1438 2643 me
1465 2603 1506 2644 eo

306 2698 418 2759 studia
441 2717 517 2759 mea
537 2698 678 2761 Tacitea
697 2699 879 2762 trahebant
901 2701 1197 2782 retrahebantque.
1221 2701 1354 2762 Deinde
1376 2701 1507 2764 multae

306 2835 349 2877 ex
385 2814 449 2877 illis
484 2836 561 2878 casu
599 2818 782 2899 nescioquo
815 2827 887 2880 arte
920 2819 1007 2880 inter
1037 2839 1072 2881 se
1104 2819 1299 2881 cohaerent.
1326 2819 1506 2884 Postremo

306 2954 424 2996 omnes
443 2934 557 3016 aliquo
579 2937 682 2998 modo
694 2935 772 2998 huic
784 2935 871 2999 libro
884 2945 1046 3017 cognatas
1059 2957 1132 2999 esse
1146 2938 1203 2999 vix
1216 2938 1328 3000 dicere
1341 2915 1428 3020 opus
1441 2948 1506 3002 est.

350 3053 458 3117 Galba
488 3073 498 3117 1
527 3053 638 3137 (Sint.)
664 3056 732 3118 Res
752 3076 839 3138 quae
861 3064 939 3138 post
960 3056 1133 3119 Neronem
1154 3057 1303 3120 occisum
1325 3058 1506 3122 Romanae

305 3173 511 3254 reipublicae
544 3183 730 3237 evenerunt
762 3176 970 3238 documento
994 3185 1073 3238 sunt
1097 3180 1150 3237 τοῦ
1178 3175 1273 3249 μηδὲν
1298 3170 1376 3238 εἶναι
1401 3176 1505 3256 Φοβε-

305 3293 428 3371 ρῶτερον
463 3292 664 3363 ἀπαιδεύτοις
699 3292 860 3372 χρωμένης
893 3293 945 3356 nal
981 3293 1109 3369 ἀλόγοις
1141 3292 1251 3377 ι’ρμιιῖς
1283 3297 1314 3356 ἐι
1347 3295 1505 3375 ἡγεμονίᾳ

301 3422 525 3492 στρατιωτικῆς
557 3411 726 3488 δυνάμεως.
761 3414 883 3477 Cetera
914 3415 1028 3476 omnia
1061 3415 1196 3495 egregia
1220 3422 1308 3489 sunt,
1333 3415 1392 3477 sed
1418 3415 1504 3478 illud

299 3533 330 3594 ἕν
363 3533 516 3613 ἡγεμονίᾳ
546 3533 742 3607 absurdum,
775 3535 973 3615 praesertim
1006 3532 1070 3595 hoc
1103 3532 1226 3615 capite,
1251 3533 1308 3595 ubi
1333 3542 1504 3615 perpetua

300 3662 351 3716 est
386 3655 504 3717 ducum
541 3661 575 3714 et
610 3653 753 3716 militum
790 3653 977 3735 oppositio:
1013 3651 1208 3729 στριιτιώτιις
1244 3651 1432 3727 ἡγουμένους
1466 3663 1504 3717 et

300 3774 523 3851 ocpxcrorruhu
558 3772 688 3845 δύναμιν
716 3773 747 3834 ἐν
772 3771 925 3852 ἡγεμονίᾳ
950 3767 1043 3834 οὖσιιν
1070 3793 1170 3834 nemo
1193 3772 1386 3835 mortalium
1412 3773 1504 3837 vidit

299 3913 460 3975 unquam.
494 3891 572 3956 Una
596 3892 696 3954 litura
720 3892 887 3955 vocabula
912 3893 976 3955 ista
1000 3892 1086 3967 dele,
1111 3899 1222 3953 totum
1247 3891 1360 3954 locum
1385 3912 1501 3974 persa·

299 4014 441 4075 navens,
463 4013 501 4075 ln
524 4014 675 4093 margine
696 4020 877 4074 annotasse
897 4011 1045 4093 aliquem
1065 4012 1106 4074 ad
1121 4009 1332 4089 φοβερώτεροι
1344 4013 1502 4094 suspicor

300 4133 462 4212 ἡρεμιιίρ,
488 4133 657 4194 Plutarchi
684 4142 797 4194 mente
822 4133 909 4194 bene
930 4140 1119 4214 perspecta,
1140 4152 1219 4194 nam
1240 4134 1411 4195 exercitus
1430 4134 1500 4196 dis·

299 4271 373 4313 cors
397 4263 431 4314 et
456 4253 669 4314 turbulentus
694 4273 774 4334 prae
799 4253 921 4314 ceteris
946 4252 1149 4314 metuendus
1173 4260 1224 4313 est
1248 4253 1398 4336 imperio,
1425 4253 1445 4314 i.
1468 4274 1500 4317 e.

299 4373 569 4452 imperatoribus.
602 4372 719 4453 Atque
752 4373 816 4435 hoc
850 4373 936 4434 bene
971 4392 1047 4434 cum
1079 4379 1153 4433 tota
1186 4371 1310 4434 vicinia
1332 4373 1498 4450 concinit,
