3210 5274
891 401 956 464 286

373 578 416 640 H.
442 579 502 653 IV,
527 597 582 660 49.
613 579 798 660 Postquam
830 579 990 662 exposuit
1021 580 1078 661 qui
1110 579 1238 642 sactum
1261 580 1305 642 sit
1326 587 1365 642 ut
1388 580 1424 642 in
1450 601 1525 662 pro·

326 698 438 760 vincia
457 696 575 760 Africa
596 704 731 779 praeter
743 697 982 779 proconsulem
994 698 1129 761 adesset
1142 697 1274 780 legatus
1286 718 1367 761 cum
1377 698 1526 781 legione,

325 837 429 898 seque
468 817 623 899 ignorare
663 815 849 879 declaravit
884 818 1059 899 quomodo
1091 836 1145 880 res
1175 836 1296 893 novae,
1327 818 1372 881 de
1402 818 1527 900 quibus

327 956 405 1000 cum
426 936 574 999 maxime
595 944 718 1011 narrat,
740 936 775 998 in
794 956 835 999 ea
847 937 1022 1019 provincia
1034 945 1130 1000 ortae
1142 937 1228 1000 sint:
1246 936 1525 1001 sollicitaveritne

327 1057 485 1119 Pisonem
518 1056 755 1138 proconsulem
789 1056 912 1119 Festus
935 1055 1066 1136 legatus
1088 1077 1131 1120 an
1156 1056 1306 1139 legatum
1331 1057 1525 1140 proconsul,

326 1177 375 1239 sic
399 1177 510 1258 pergit
533 1176 690 1239 Tacitus:

376 1295 468 1374 „Nec
493 1295 676 1377 ambigitur
700 1294 912 1377 provinciam
934 1303 970 1358 et
992 1294 1137 1358 militem
1160 1294 1310 1380 alienato
1334 1316 1416 1378 erga
1441 1296 1525 1359 Ves-

328 1398 505 1498 pasianum
529 1415 645 1478 animo
669 1414 788 1490 fuisse;
813 1422 848 1476 et
871 1415 1011 1497 quidam
1034 1435 1054 1476 e
1074 1413 1267 1478 Vitellianis
1288 1415 1372 1479 urbe
1392 1415 1526 1498 profugi

328 1534 549 1597 ostentabant
584 1535 697 1597 Pisoni
733 1542 894 1597 nutantes
929 1532 1073 1609 Gallias,
1109 1541 1264 1616 paratam
1296 1533 1525 1609 Germaniam,

329 1653 478 1736 pericula
503 1655 607 1737 ipsius
630 1661 665 1716 et
689 1654 724 1716 in
749 1672 834 1735 pace
857 1661 1017 1735 suscepto
1042 1653 1147 1715 tutius
1170 1652 1331 1717 bellum'’

374 1774 475 1837 Haud
496 1775 600 1837 dubie
619 1782 817 1856 corruptum
836 1784 992 1856 suscepto,
1012 1773 1072 1836 sed
1086 1774 1179 1855 quod
1192 1775 1339 1837 coniecit
1354 1774 1527 1838 Victorius

328 1894 545 1978 probantque
577 1893 731 1976 plerique
758 1893 908 1956 editores
929 1904 1085 1976 suspecto,
1110 1913 1152 1955 eo
1177 1894 1298 1956 vitium
1321 1914 1390 1956 non
1416 1915 1526 1977 persa·

328 2023 437 2076 natur.
475 2012 568 2075 Nihil
603 2012 694 2075 enim
726 2031 816 2076 nunc
846 2013 1100 2094 comparativus
1129 2013 1234 2076 tutius
1264 2032 1332 2094 quo
1364 2012 1527 2076 reseratur

329 2134 444 2196 habet.
470 2132 672 2214 Legendum
693 2150 833 2195 censeo:
859 2151 962 2213 „pace
981 2138 1140 2213 suspecta
1159 2132 1264 2193 tutius
1284 2130 1436 2195 bellum''
1456 2132 1477 2194 i.
1497 2152 1526 2196 e.

329 2261 484 2336 apertum
508 2250 636 2315 bellum
661 2258 812 2332 praestat
835 2250 922 2332 paci,
947 2250 980 2313 in
1006 2270 1073 2332 qua
1096 2270 1231 2332 semper
1254 2250 1367 2313 tacitis
1389 2250 1435 2313 sis
1459 2272 1528 2314 sus·

323 2338 520 2456 picionibus
552 2370 731 2434 obnoxius.
763 2369 838 2432 Tali
870 2389 987 2432 revera
1019 2389 1104 2451 pace
1135 2368 1289 2432 Africam
1313 2370 1527 2452 provinciam

328 2512 424 2554 usam
457 2511 531 2554 esse
562 2491 678 2564 exiis,
703 2508 791 2571 quae
815 2489 1004 2563 citavimus,
1025 2496 1180 2570 apparet,
1205 2489 1449 2573 eleganterque
1473 2490 1529 2554 illa

326 2622 475 2694 suspecta
493 2623 568 2695 pax
593 2609 795 2692 appellatur.

373 2850 416 2913 H.
449 2850 510 2925 IV,
544 2851 596 2913 80.
630 2847 715 2911 Orta
746 2848 834 2910 inter
865 2846 1064 2910 Mucianum
1090 2847 1308 2929 Primumque
1332 2846 1527 2911 Antonium

329 2970 508 3044 discordia,
543 2968 586 3031 ad
622 2967 873 3049 Vespasianum
910 2966 964 3028 hic
1000 2965 1234 3048 proficiscitur.
1271 2966 1403 3029 Dubius
1440 2967 1532 3031 inter

329 3098 510 3171 utrumque
541 3088 658 3150 haeret
691 3088 865 3169 princeps:
898 3105 987 3166 quae
1014 3085 1082 3148 sint
1106 3084 1251 3148 Antonii
1276 3087 1404 3149 desua
1428 3107 1532 3150 causa

330 3210 450 3272 merita
470 3208 577 3291 probe
599 3207 704 3280 novit,
725 3206 785 3267 sed
808 3203 955 3267 eundem
976 3211 1012 3266 ut
1032 3204 1202 3267 tumidum
1222 3214 1257 3269 et
1276 3207 1333 3268 vix
1350 3205 1532 3270 serendum

329 3337 450 3391 notant
474 3329 509 3390 et
534 3326 683 3389 Muciani
708 3323 873 3407 epistolae
898 3322 932 3386 tt
957 3330 1148 3387 ceterorum
1172 3346 1364 3390 sermones:

377 3447 517 3528 „Neque
539 3427 611 3527 ipse
636 3443 832 3525 (Antonius)
858 3442 976 3504 deerat
998 3443 1200 3524 adrogantia
1224 3465 1347 3509 vocare
1371 3445 1531 3522 offensas,

329 3567 450 3629 nimius
474 3563 782 3627 commemorandis
807 3580 894 3643 quae
919 3561 1129 3624 meruisset.'’
1220 3627 1224 3633 ,

374 3685 475 3748 Haud
509 3684 612 3782 dubie
643 3692 722 3744 ante
746 3701 865 3745 uocare
888 3681 1016 3743 excidit
1039 3700 1063 3762 p
1087 3682 1184 3766 (pro).
1211 3682 1300 3746 Nam
1324 3703 1410 3765 quos
1434 3682 1531 3747 locos

330 3805 483 3867 Heraeus
513 3804 555 3866 ad
581 3801 727 3883 simplex
751 3799 891 3863 vocandi
912 3800 1054 3862 verbum
1079 3801 1335 3866 defendendum
1359 3802 1469 3878 affert,
1495 3804 1531 3865 in

330 3925 368 3986 iis
394 3923 552 4005 praesidii
578 3921 659 3983 nihil
684 3928 754 3982 est:
780 3918 826 3980 ibi
851 3918 943 3979 enim
967 3939 1035 3981 non
1059 3942 1116 3984 res
1138 3921 1252 4005 aliqua
1271 3922 1331 3985 sed
1351 3921 1448 3986 homo
1470 3922 1531 3985 ob·

330 4045 454 4105 iectum
476 4051 543 4104 est:
570 4040 672 4113 HV,
696 4054 752 4118 25:
777 4037 821 4117 „si
843 4036 1007 4118 populum
1029 4040 1225 4104 Romanum
1244 4041 1347 4105 armis
1367 4039 1530 4115 vocent”,

330 4163 373 4223 H.
400 4163 442 4235 11,
469 4164 505 4223 81
546 4158 714 4239 „singulos
746 4156 884 4218 nomine
915 4157 1007 4220 ciens
1039 4160 1198 4240 praemiis
1230 4159 1380 4224 vocans”
1412 4159 1531 4243 (atque

330 4280 384 4340 hic
409 4289 518 4340 totum
544 4278 624 4339 illud
640 4275 806 4358 praemiat
827 4295 946 4337 vocans
966 4276 1151 4340 delendum
1172 4299 1245 4342 esse
1264 4299 1367 4362 supra
1387 4279 1533 4341 demon·

329 4399 462 4478 stravi);
488 4398 601 4459 Germ.
629 4414 683 4473 14:
713 4414 854 4473 „vocare
875 4393 1010 4456 hostem
1031 4406 1065 4459 et
1086 4398 1226 4461 vulnera
1245 4396 1400 4462 mereri”.
1424 4396 1532 4479 Quod
