<?xml version="1.0" encoding="UTF-8"?>
<!DOCTYPE html PUBLIC "-//W3C//DTD XHTML 1.0 Transitional//EN"
    "http://www.w3.org/TR/xhtml1/DTD/xhtml1-transitional.dtd">
<html xmlns="http://www.w3.org/1999/xhtml" xml:lang="en" lang="en">
 <head>
  <title>
</title>
<meta http-equiv="Content-Type" content="text/html;charset=utf-8" />
  <meta name='ocr-system' content='tesseract 3.04.00' />
  <meta name='ocr-capabilities' content='ocr_page ocr_carea ocr_par ocr_line ocrx_word'/>
</head>
<body>
  <div class='ocr_page' id='page_1' title='image "./analectatacitea00hartgoog_0227.png"; bbox 0 0 3292 5280; ppageno 0'>
   <div class='ocr_carea' id='block_1_1' title="bbox 785 355 848 417">
    <p class='ocr_par' dir='ltr' id='par_1_1' title="bbox 785 355 848 417">
     <span class='ocr_line' id='line_1_1' title="bbox 785 355 848 417; baseline -0.016 0"><span class='ocrx_word' id='word_1_1' title='bbox 785 355 848 417; x_wconf 89' lang='lat'><strong>216</strong></span> 
     </span>
    </p>
   </div>
   <div class='ocr_carea' id='block_1_2' title="bbox 225 533 1500 2652">
    <p class='ocr_par' dir='ltr' id='par_1_2' title="bbox 225 533 1420 969">
     <span class='ocr_line' id='line_1_2' title="bbox 225 533 1420 617; baseline 0.003 -21"><span class='ocrx_word' id='word_1_2' title='bbox 225 534 398 617; x_wconf 91' lang='lat' dir='ltr'><strong>potuerint</strong></span> <span class='ocrx_word' id='word_1_3' title='bbox 420 533 574 616; x_wconf 88' lang='lat' dir='ltr'><strong>quaeris?</strong></span> <span class='ocrx_word' id='word_1_4' title='bbox 599 534 696 596; x_wconf 83' lang='lat' dir='ltr'>Duae</span> <span class='ocrx_word' id='word_1_5' title='bbox 718 535 798 597; x_wconf 88' lang='lat' dir='ltr'><strong>mihi</strong></span> <span class='ocrx_word' id='word_1_6' title='bbox 819 536 1057 598; x_wconf 85' lang='lat' dir='ltr'><strong>annotationes</strong></span> <span class='ocrx_word' id='word_1_7' title='bbox 1079 536 1237 600; x_wconf 89' lang='lat' dir='ltr'><strong>videntur</strong></span> <span class='ocrx_word' id='word_1_8' title='bbox 1256 539 1300 600; x_wconf 92' lang='lat' dir='ltr'><strong>ad</strong></span> <span class='ocrx_word' id='word_1_9' title='bbox 1315 538 1420 600; x_wconf 93' lang='lat' dir='ltr'><strong>verba</strong></span> 
     </span>
     <span class='ocr_line' id='line_1_3' title="bbox 226 653 1420 740; baseline 0.004 -24"><span class='ocrx_word' id='word_1_10' title='bbox 226 655 281 717; x_wconf 92' lang='lat' dir='ltr'><strong>illa</strong></span> <span class='ocrx_word' id='word_1_11' title='bbox 302 675 380 716; x_wconf 92' lang='lat' dir='ltr'><strong>vere</strong></span> <span class='ocrx_word' id='word_1_12' title='bbox 400 654 540 716; x_wconf 91' lang='lat' dir='ltr'><strong>Tacitea</strong></span> <span class='ocrx_word' id='word_1_13' title='bbox 554 656 600 735; x_wconf 82' lang='lat' dir='ltr'><strong>(et</strong></span> <span class='ocrx_word' id='word_1_14' title='bbox 614 653 864 736; x_wconf 86' lang='lat' dir='ltr'><strong>elegantissima</strong></span> <span class='ocrx_word' id='word_1_15' title='bbox 876 654 960 718; x_wconf 89' lang='lat' dir='ltr'><strong>haec</strong></span> <span class='ocrx_word' id='word_1_16' title='bbox 973 663 1025 717; x_wconf 90' lang='lat' dir='ltr'><strong>est</strong></span> <span class='ocrx_word' id='word_1_17' title='bbox 1037 655 1215 738; x_wconf 73' lang='lat' dir='ltr'><strong>brevitaslz</strong></span> <span class='ocrx_word' id='word_1_18' title='bbox 1243 678 1420 740; x_wconf 86' lang='lat' dir='ltr'><strong>,quaeque</strong></span> 
     </span>
     <span class='ocr_line' id='line_1_4' title="bbox 225 774 1420 860; baseline 0.004 -24"><span class='ocrx_word' id='word_1_19' title='bbox 225 774 315 855; x_wconf 92' lang='lat' dir='ltr'><strong>apud</strong></span> <span class='ocrx_word' id='word_1_20' title='bbox 349 775 535 837; x_wconf 90' lang='lat' dir='ltr'><strong>concordes</strong></span> <span class='ocrx_word' id='word_1_21' title='bbox 567 774 699 836; x_wconf 92' lang='lat' dir='ltr'><strong>vincula</strong></span> <span class='ocrx_word' id='word_1_22' title='bbox 730 775 889 848; x_wconf 89' lang='lat' dir='ltr'><strong>caritatis,</strong></span> <span class='ocrx_word' id='word_1_23' title='bbox 922 775 1142 838; x_wconf 86' lang='lat' dir='ltr'><strong>incitamenta</strong></span> <span class='ocrx_word' id='word_1_24' title='bbox 1172 777 1297 838; x_wconf 89' lang='lat' dir='ltr'><strong>irarum</strong></span> <span class='ocrx_word' id='word_1_25' title='bbox 1328 778 1420 860; x_wconf 91' lang='lat' dir='ltr'><strong>apud</strong></span> 
     </span>
     <span class='ocr_line' id='line_1_5' title="bbox 225 891 527 969; baseline 0.003 -15"><span class='ocrx_word' id='word_1_26' title='bbox 225 891 373 969; x_wconf 84' lang='lat' dir='ltr'><strong>infensos</strong></span> <span class='ocrx_word' id='word_1_27' title='bbox 397 893 527 955; x_wconf 90' lang='lat' dir='ltr'><strong>erant.”</strong></span> 
     </span>
    </p>

    <p class='ocr_par' dir='ltr' id='par_1_3' title="bbox 271 1012 1500 1100">
     <span class='ocr_line' id='line_1_6' title="bbox 271 1012 1500 1100; baseline 0.003 -25"><span class='ocrx_word' id='word_1_28' title='bbox 271 1013 315 1075; x_wconf 87' lang='lat' dir='ltr'><strong>A.</strong></span> <span class='ocrx_word' id='word_1_29' title='bbox 326 1013 350 1087; x_wconf 95' lang='lat' dir='ltr'><strong>l,</strong></span> <span class='ocrx_word' id='word_1_30' title='bbox 365 1013 416 1092; x_wconf 83' lang='lat'><strong>56.</strong></span> <span class='ocrx_word' id='word_1_31' title='bbox 427 1012 648 1076; x_wconf 88' lang='lat' dir='ltr'><strong>Germanicus</strong></span> <span class='ocrx_word' id='word_1_32' title='bbox 659 1015 859 1096; x_wconf 87' lang='lat' dir='ltr'><strong>expeditum</strong></span> <span class='ocrx_word' id='word_1_33' title='bbox 872 1015 1060 1077; x_wconf 88' lang='lat' dir='ltr'><strong>exercitum</strong></span> <span class='ocrx_word' id='word_1_34' title='bbox 1073 1015 1106 1077; x_wconf 92' lang='lat' dir='ltr'><strong>in</strong></span> <span class='ocrx_word' id='word_1_35' title='bbox 1116 1015 1260 1078; x_wconf 87' lang='lat' dir='ltr'><strong>Chattos</strong></span> <span class='ocrx_word' id='word_1_36' title='bbox 1272 1017 1363 1100; x_wconf 85' lang='lat' dir='ltr'><strong>rapit</strong></span> <span class='ocrx_word' id='word_1_37' title='bbox 1376 1026 1425 1078; x_wconf 92' lang='lat' dir='ltr'><strong>et:</strong></span> <span class='ocrx_word' id='word_1_38' title='bbox 1496 1054 1500 1059; x_wconf 90' lang='lat'><em>·</em></span> 
     </span>
    </p>

    <p class='ocr_par' dir='ltr' id='par_1_4' title="bbox 228 1133 1421 1335">
     <span class='ocr_line' id='line_1_7' title="bbox 275 1133 1421 1218; baseline 0.004 -24"><span class='ocrx_word' id='word_1_39' title='bbox 275 1133 432 1211; x_wconf 85' lang='lat' dir='ltr'><strong>,incenso</strong></span> <span class='ocrx_word' id='word_1_40' title='bbox 454 1133 577 1195; x_wconf 89' lang='lat' dir='ltr'><strong>Mattio</strong></span> <span class='ocrx_word' id='word_1_41' title='bbox 598 1134 643 1214; x_wconf 88' lang='lat' dir='ltr'><strong>(id</strong></span> <span class='ocrx_word' id='word_1_42' title='bbox 665 1134 758 1215; x_wconf 86' lang='lat' dir='ltr'><strong>genti</strong></span> <span class='ocrx_word' id='word_1_43' title='bbox 779 1134 892 1216; x_wconf 89' lang='lat' dir='ltr'><strong>caput)</strong></span> <span class='ocrx_word' id='word_1_44' title='bbox 913 1143 1032 1216; x_wconf 91' lang='lat' dir='ltr'><strong>aperta</strong></span> <span class='ocrx_word' id='word_1_45' title='bbox 1052 1135 1234 1218; x_wconf 89' lang='lat' dir='ltr'><strong>populatus</strong></span> <span class='ocrx_word' id='word_1_46' title='bbox 1255 1138 1358 1199; x_wconf 88' lang='lat' dir='ltr'><strong>vertit</strong></span> <span class='ocrx_word' id='word_1_47' title='bbox 1376 1139 1421 1200; x_wconf 94' lang='lat' dir='ltr'><strong>ad</strong></span> 
     </span>
     <span class='ocr_line' id='line_1_8' title="bbox 228 1250 1279 1335; baseline 0.006 -23"><span class='ocrx_word' id='word_1_48' title='bbox 228 1250 397 1326; x_wconf 88' lang='lat' dir='ltr'><strong>Rhenum,</strong></span> <span class='ocrx_word' id='word_1_49' title='bbox 422 1272 489 1314; x_wconf 94' lang='lat' dir='ltr'><strong>non</strong></span> <span class='ocrx_word' id='word_1_50' title='bbox 514 1271 595 1315; x_wconf 92' lang='lat' dir='ltr'><strong>auso</strong></span> <span class='ocrx_word' id='word_1_51' title='bbox 619 1252 716 1315; x_wconf 89' lang='lat' dir='ltr'><strong>hoste</strong></span> <span class='ocrx_word' id='word_1_52' title='bbox 741 1261 835 1335; x_wconf 84' lang='lat' dir='ltr'><strong>terga</strong></span> <span class='ocrx_word' id='word_1_53' title='bbox 859 1253 1056 1316; x_wconf 90' lang='lat' dir='ltr'><strong>abeuntium</strong></span> <span class='ocrx_word' id='word_1_54' title='bbox 1081 1254 1279 1318; x_wconf 89' lang='lat' dir='ltr'><strong>lacessere.”</strong></span> 
     </span>
    </p>

    <p class='ocr_par' dir='ltr' id='par_1_5' title="bbox 272 1369 574 1453">
     <span class='ocr_line' id='line_1_9' title="bbox 272 1369 574 1453; baseline 0 -19"><span class='ocrx_word' id='word_1_55' title='bbox 272 1369 432 1453; x_wconf 88' lang='lat' dir='ltr'><strong>Sequitur</strong></span> <span class='ocrx_word' id='word_1_56' title='bbox 454 1372 574 1434; x_wconf 91' lang='lat' dir='ltr'><strong>etiam:</strong></span> 
     </span>
    </p>

    <p class='ocr_par' dir='ltr' id='par_1_6' title="bbox 228 1491 1481 2652">
     <span class='ocr_line' id='line_1_10' title="bbox 277 1491 1422 1577; baseline 0.004 -24"><span class='ocrx_word' id='word_1_57' title='bbox 277 1493 386 1573; x_wconf 86' lang='lat' dir='ltr'><strong>„quod</strong></span> <span class='ocrx_word' id='word_1_58' title='bbox 408 1491 453 1553; x_wconf 93' lang='lat' dir='ltr'><strong>illi</strong></span> <span class='ocrx_word' id='word_1_59' title='bbox 474 1493 586 1566; x_wconf 75' lang='lat' dir='ltr'><strong>moriS,</strong></span> <span class='ocrx_word' id='word_1_60' title='bbox 606 1493 764 1574; x_wconf 91' lang='lat' dir='ltr'><strong>quotiens</strong></span> <span class='ocrx_word' id='word_1_61' title='bbox 784 1501 858 1555; x_wconf 91' lang='lat' dir='ltr'><strong>astu</strong></span> <span class='ocrx_word' id='word_1_62' title='bbox 880 1494 986 1574; x_wconf 86' lang='lat' dir='ltr'><strong>magis</strong></span> <span class='ocrx_word' id='word_1_63' title='bbox 1006 1512 1108 1575; x_wconf 90' lang='lat' dir='ltr'><strong>quam</strong></span> <span class='ocrx_word' id='word_1_64' title='bbox 1129 1514 1189 1577; x_wconf 92' lang='lat' dir='ltr'><strong>per</strong></span> <span class='ocrx_word' id='word_1_65' title='bbox 1202 1494 1422 1558; x_wconf 82' lang='lat' dir='ltr'><strong>formidinem</strong></span> 
     </span>
     <span class='ocr_line' id='line_1_11' title="bbox 228 1611 350 1674; baseline -0.008 0"><span class='ocrx_word' id='word_1_66' title='bbox 228 1611 350 1674; x_wconf 90' lang='lat' dir='ltr'><strong>cessit”</strong></span> 
     </span>
     <span class='ocr_line' id='line_1_12' title="bbox 229 1729 1424 1817; baseline 0.003 -24"><span class='ocrx_word' id='word_1_67' title='bbox 229 1733 287 1793; x_wconf 89' lang='lat' dir='ltr'><strong>sed</strong></span> <span class='ocrx_word' id='word_1_68' title='bbox 308 1731 566 1793; x_wconf 85' lang='lat' dir='ltr'><strong>annotationem</strong></span> <span class='ocrx_word' id='word_1_69' title='bbox 586 1731 673 1793; x_wconf 93' lang='lat' dir='ltr'><strong>hanc</strong></span> <span class='ocrx_word' id='word_1_70' title='bbox 694 1730 774 1793; x_wconf 95' lang='lat' dir='ltr'><strong>olim</strong></span> <span class='ocrx_word' id='word_1_71' title='bbox 788 1729 887 1793; x_wconf 90' lang='lat' dir='ltr'><strong>fuisse</strong></span> <span class='ocrx_word' id='word_1_72' title='bbox 900 1750 965 1812; x_wconf 86' lang='lat' dir='ltr'><strong>ego</strong></span> <span class='ocrx_word' id='word_1_73' title='bbox 979 1752 1046 1793; x_wconf 93' lang='lat' dir='ltr'><strong>non</strong></span> <span class='ocrx_word' id='word_1_74' title='bbox 1059 1732 1131 1794; x_wconf 90' lang='lat' dir='ltr'><strong>sine</strong></span> <span class='ocrx_word' id='word_1_75' title='bbox 1144 1752 1245 1795; x_wconf 90' lang='lat' dir='ltr'><strong>causa</strong></span> <span class='ocrx_word' id='word_1_76' title='bbox 1257 1735 1424 1817; x_wconf 90' lang='lat' dir='ltr'><strong>suspicari</strong></span> 
     </span>
     <span class='ocr_line' id='line_1_13' title="bbox 230 1849 1423 1932; baseline 0.004 -21"><span class='ocrx_word' id='word_1_77' title='bbox 230 1850 311 1911; x_wconf 91' lang='lat' dir='ltr'><strong>mihi</strong></span> <span class='ocrx_word' id='word_1_78' title='bbox 336 1850 464 1912; x_wconf 91' lang='lat' dir='ltr'><strong>videor.</strong></span> <span class='ocrx_word' id='word_1_79' title='bbox 490 1850 577 1912; x_wconf 93' lang='lat' dir='ltr'><strong>Nam</strong></span> <span class='ocrx_word' id='word_1_80' title='bbox 603 1850 707 1912; x_wconf 89' lang='lat' dir='ltr'><strong>verba</strong></span> <span class='ocrx_word' id='word_1_81' title='bbox 730 1849 907 1912; x_wconf 90' lang='lat' dir='ltr'><strong>Taciteum</strong></span> <span class='ocrx_word' id='word_1_82' title='bbox 928 1851 1100 1932; x_wconf 89' lang='lat' dir='ltr'><strong>quendam</strong></span> <span class='ocrx_word' id='word_1_83' title='bbox 1120 1851 1249 1915; x_wconf 87' lang='lat' dir='ltr'><strong>habent</strong></span> <span class='ocrx_word' id='word_1_84' title='bbox 1270 1853 1423 1917; x_wconf 90' lang='lat' dir='ltr'><strong>colorem</strong></span> 
     </span>
     <span class='ocr_line' id='line_1_14' title="bbox 230 1969 1481 2055; baseline 0.005 -24"><span class='ocrx_word' id='word_1_85' title='bbox 230 1969 331 2051; x_wconf 90' lang='lat' dir='ltr'><strong>(haud</strong></span> <span class='ocrx_word' id='word_1_86' title='bbox 364 1970 473 2051; x_wconf 88' lang='lat' dir='ltr'><strong>nego),</strong></span> <span class='ocrx_word' id='word_1_87' title='bbox 506 1970 566 2031; x_wconf 90' lang='lat' dir='ltr'><strong>sed</strong></span> <span class='ocrx_word' id='word_1_88' title='bbox 599 1970 749 2032; x_wconf 89' lang='lat' dir='ltr'><strong>imitator</strong></span> <span class='ocrx_word' id='word_1_89' title='bbox 780 1990 816 2032; x_wconf 91' lang='lat' dir='ltr'><strong>se</strong></span> <span class='ocrx_word' id='word_1_90' title='bbox 847 1971 918 2052; x_wconf 94' lang='lat' dir='ltr'><strong>ipse</strong></span> <span class='ocrx_word' id='word_1_91' title='bbox 950 1971 1150 2053; x_wconf 91' lang='lat' dir='ltr'><strong>pronomine</strong></span> <span class='ocrx_word' id='word_1_92' title='bbox 1181 1971 1243 2047; x_wconf 83' lang='lat' dir='ltr'><strong>illi,</strong></span> <span class='ocrx_word' id='word_1_93' title='bbox 1268 1976 1363 2055; x_wconf 93' lang='lat' dir='ltr'><strong>quod</strong></span> <span class='ocrx_word' id='word_1_94' title='bbox 1390 1976 1425 2036; x_wconf 91' lang='lat' dir='ltr'><strong>in</strong></span> <span class='ocrx_word' id='word_1_95' title='bbox 1478 1991 1481 1997; x_wconf 86' lang='grc'><strong>’</strong></span> 
     </span>
     <span class='ocr_line' id='line_1_15' title="bbox 231 2088 1425 2173; baseline 0.004 -22"><span class='ocrx_word' id='word_1_96' title='bbox 231 2089 320 2152; x_wconf 91' lang='lat' dir='ltr'><strong>hunc</strong></span> <span class='ocrx_word' id='word_1_97' title='bbox 341 2088 453 2151; x_wconf 91' lang='lat' dir='ltr'><strong>locum</strong></span> <span class='ocrx_word' id='word_1_98' title='bbox 478 2090 616 2152; x_wconf 89' lang='lat' dir='ltr'><strong>minime</strong></span> <span class='ocrx_word' id='word_1_99' title='bbox 640 2089 795 2171; x_wconf 88' lang='lat' dir='ltr'><strong>quadrat,</strong></span> <span class='ocrx_word' id='word_1_100' title='bbox 820 2090 935 2172; x_wconf 92' lang='lat' dir='ltr'><strong>prodit</strong></span> <span class='ocrx_word' id='word_1_101' title='bbox 955 2098 990 2152; x_wconf 92' lang='lat' dir='ltr'><strong>et</strong></span> <span class='ocrx_word' id='word_1_102' title='bbox 1011 2099 1186 2173; x_wconf 90' lang='lat' dir='ltr'><strong>praeterea</strong></span> <span class='ocrx_word' id='word_1_103' title='bbox 1207 2092 1425 2156; x_wconf 90' lang='lat' dir='ltr'><strong>observanda</strong></span> 
     </span>
     <span class='ocr_line' id='line_1_16' title="bbox 231 2209 1424 2293; baseline 0.003 -20"><span class='ocrx_word' id='word_1_104' title='bbox 231 2212 453 2291; x_wconf 88' lang='lat' dir='ltr'><strong>docendaque</strong></span> <span class='ocrx_word' id='word_1_105' title='bbox 490 2230 529 2272; x_wconf 92' lang='lat' dir='ltr'><strong>ea</strong></span> <span class='ocrx_word' id='word_1_106' title='bbox 565 2230 610 2284; x_wconf 91' lang='lat' dir='ltr'><strong>re,</strong></span> <span class='ocrx_word' id='word_1_107' title='bbox 646 2230 732 2292; x_wconf 90' lang='lat' dir='ltr'><strong>quae</strong></span> <span class='ocrx_word' id='word_1_108' title='bbox 767 2209 845 2272; x_wconf 93' lang='lat' dir='ltr'><strong>hinc</strong></span> <span class='ocrx_word' id='word_1_109' title='bbox 877 2230 1013 2293; x_wconf 90' lang='lat' dir='ltr'><strong>prorsus</strong></span> <span class='ocrx_word' id='word_1_110' title='bbox 1044 2219 1095 2273; x_wconf 91' lang='lat' dir='ltr'><strong>est</strong></span> <span class='ocrx_word' id='word_1_111' title='bbox 1126 2210 1246 2274; x_wconf 90' lang='lat' dir='ltr'><strong>aliena.</strong></span> <span class='ocrx_word' id='word_1_112' title='bbox 1283 2213 1424 2277; x_wconf 91' lang='lat' dir='ltr'><strong>Etenim</strong></span> 
     </span>
     <span class='ocr_line' id='line_1_17' title="bbox 232 2328 1425 2413; baseline 0.003 -23"><span class='ocrx_word' id='word_1_113' title='bbox 232 2348 346 2391; x_wconf 90' lang='lat' dir='ltr'><strong>veram</strong></span> <span class='ocrx_word' id='word_1_114' title='bbox 367 2329 457 2391; x_wconf 91' lang='lat' dir='ltr'><strong>illam</strong></span> <span class='ocrx_word' id='word_1_115' title='bbox 478 2328 577 2391; x_wconf 89' lang='lat' dir='ltr'><strong>fuisse</strong></span> <span class='ocrx_word' id='word_1_116' title='bbox 598 2329 722 2410; x_wconf 88' lang='lat' dir='ltr'><strong>fugam,</strong></span> <span class='ocrx_word' id='word_1_117' title='bbox 744 2350 811 2392; x_wconf 94' lang='lat' dir='ltr'><strong>non</strong></span> <span class='ocrx_word' id='word_1_118' title='bbox 832 2329 1034 2404; x_wconf 90' lang='lat' dir='ltr'><strong>simulatam,</strong></span> <span class='ocrx_word' id='word_1_119' title='bbox 1049 2328 1303 2407; x_wconf 62' lang='lat' dir='ltr'><strong>noncoo‘tirrsed</strong></span> <span class='ocrx_word' id='word_1_120' title='bbox 1317 2332 1425 2413; x_wconf 68' lang='grc' dir='ltr'><em>φύζαν</em></span> 
     </span>
     <span class='ocr_line' id='line_1_18' title="bbox 232 2447 1425 2531; baseline 0.006 -22"><span class='ocrx_word' id='word_1_121' title='bbox 232 2448 367 2530; x_wconf 89' lang='lat' dir='ltr'><strong>plenam</strong></span> <span class='ocrx_word' id='word_1_122' title='bbox 393 2447 656 2530; x_wconf 81' lang='lat' dir='ltr'><strong>perfectamque,</strong></span> <span class='ocrx_word' id='word_1_123' title='bbox 682 2457 755 2510; x_wconf 92' lang='lat' dir='ltr'><strong>tota</strong></span> <span class='ocrx_word' id='word_1_124' title='bbox 781 2450 927 2512; x_wconf 90' lang='lat' dir='ltr'><strong>narratio</strong></span> <span class='ocrx_word' id='word_1_125' title='bbox 947 2469 1049 2531; x_wconf 90' lang='lat' dir='ltr'><strong>quam</strong></span> <span class='ocrx_word' id='word_1_126' title='bbox 1070 2451 1289 2514; x_wconf 88' lang='lat' dir='ltr'><strong>disertissime</strong></span> <span class='ocrx_word' id='word_1_127' title='bbox 1311 2453 1425 2517; x_wconf 91' lang='lat' dir='ltr'><strong>docet.</strong></span> 
     </span>
     <span class='ocr_line' id='line_1_19' title="bbox 234 2566 1426 2652; baseline 0.006 -22"><span class='ocrx_word' id='word_1_128' title='bbox 234 2569 408 2630; x_wconf 91' lang='lat' dir='ltr'><strong>Postremo</strong></span> <span class='ocrx_word' id='word_1_129' title='bbox 440 2567 521 2630; x_wconf 88' lang='lat' dir='ltr'><strong>illud</strong></span> <span class='ocrx_word' id='word_1_130' title='bbox 558 2569 668 2649; x_wconf 82' lang='lat' dir='ltr'><strong>,quod</strong></span> <span class='ocrx_word' id='word_1_131' title='bbox 700 2566 746 2629; x_wconf 94' lang='lat' dir='ltr'><strong>illi</strong></span> <span class='ocrx_word' id='word_1_132' title='bbox 780 2569 882 2631; x_wconf 92' lang='lat' dir='ltr'><strong>moris</strong></span> <span class='ocrx_word' id='word_1_133' title='bbox 912 2605 955 2615; x_wconf 97' lang='lat'><em>-</em></span> <span class='ocrx_word' id='word_1_134' title='bbox 986 2568 1107 2632; x_wconf 89' lang='lat' dir='ltr'><strong>cessit”</strong></span> <span class='ocrx_word' id='word_1_135' title='bbox 1138 2570 1255 2652; x_wconf 87' lang='lat' dir='ltr'><strong>legens</strong></span> <span class='ocrx_word' id='word_1_136' title='bbox 1286 2592 1356 2635; x_wconf 91' lang='lat' dir='ltr'><strong>non</strong></span> <span class='ocrx_word' id='word_1_137' title='bbox 1383 2574 1426 2637; x_wconf 90' lang='lat' dir='ltr'><strong>de</strong></span> 
     </span>
    </p>
   </div>
   <div class='ocr_carea' id='block_1_3' title="bbox 233 2686 1423 2891">
    <p class='ocr_par' dir='ltr' id='par_1_7' title="bbox 233 2686 1423 2891">
     <span class='ocr_line' id='line_1_20' title="bbox 233 2686 1423 2774; baseline 0.003 -23"><span class='ocrx_word' id='word_1_138' title='bbox 233 2710 296 2751; x_wconf 83' lang='lat' dir='ltr'><strong>uno</strong></span> <span class='ocrx_word' id='word_1_139' title='bbox 321 2687 566 2750; x_wconf 90' lang='lat' dir='ltr'><strong>Germanorum</strong></span> <span class='ocrx_word' id='word_1_140' title='bbox 592 2686 729 2769; x_wconf 91' lang='lat' dir='ltr'><strong>populo,</strong></span> <span class='ocrx_word' id='word_1_141' title='bbox 755 2687 814 2749; x_wconf 94' lang='lat' dir='ltr'><strong>sed</strong></span> <span class='ocrx_word' id='word_1_142' title='bbox 840 2689 883 2750; x_wconf 93' lang='lat' dir='ltr'><strong>de</strong></span> <span class='ocrx_word' id='word_1_143' title='bbox 908 2696 981 2750; x_wconf 91' lang='lat' dir='ltr'><strong>tota</strong></span> <span class='ocrx_word' id='word_1_144' title='bbox 1004 2687 1215 2752; x_wconf 79' lang='lat' dir='ltr'><strong>Parthorum</strong></span> <span class='ocrx_word' id='word_1_145' title='bbox 1240 2700 1344 2773; x_wconf 83' lang='lat' dir='ltr'><strong>gente</strong></span> <span class='ocrx_word' id='word_1_146' title='bbox 1368 2694 1423 2774; x_wconf 87' lang='lat' dir='ltr'><strong>agi</strong></span> 
     </span>
     <span class='ocr_line' id='line_1_21' title="bbox 234 2807 516 2891; baseline -0.007 -21"><span class='ocrx_word' id='word_1_147' title='bbox 234 2807 516 2891; x_wconf 77' lang='lat' dir='ltr'><strong>putarecogeris.</strong></span> 
     </span>
    </p>
   </div>
   <div class='ocr_carea' id='block_1_4' title="bbox 280 2926 1427 3016">
    <p class='ocr_par' dir='ltr' id='par_1_8' title="bbox 280 2926 1427 3016">
     <span class='ocr_line' id='line_1_22' title="bbox 280 2926 1427 3016; baseline 0.003 -25"><span class='ocrx_word' id='word_1_148' title='bbox 280 2929 322 2991; x_wconf 89' lang='grc' dir='ltr'><strong>Α.</strong></span> <span class='ocrx_word' id='word_1_149' title='bbox 338 2929 362 3003; x_wconf 89' lang='grc' dir='ltr'><strong>Ι,</strong></span> <span class='ocrx_word' id='word_1_150' title='bbox 376 2928 429 2990; x_wconf 88' lang='grc'><strong>66.</strong></span> <span class='ocrx_word' id='word_1_151' title='bbox 452 2926 618 2990; x_wconf 87' lang='lat' dir='ltr'><strong>Caecinae</strong></span> <span class='ocrx_word' id='word_1_152' title='bbox 640 2927 764 2989; x_wconf 90' lang='lat' dir='ltr'><strong>milites</strong></span> <span class='ocrx_word' id='word_1_153' title='bbox 777 2927 835 2988; x_wconf 88' lang='lat' dir='ltr'><strong>vix</strong></span> <span class='ocrx_word' id='word_1_154' title='bbox 848 2948 866 2989; x_wconf 89' lang='lat' dir='ltr'><strong>e</strong></span> <span class='ocrx_word' id='word_1_155' title='bbox 880 2927 1036 2990; x_wconf 90' lang='lat' dir='ltr'><strong>manibus</strong></span> <span class='ocrx_word' id='word_1_156' title='bbox 1049 2927 1296 2992; x_wconf 90' lang='lat' dir='ltr'><strong>Germanorum</strong></span> <span class='ocrx_word' id='word_1_157' title='bbox 1310 2931 1427 3016; x_wconf 91' lang='lat' dir='ltr'><strong>elapsi,</strong></span> 
     </span>
    </p>
   </div>
   <div class='ocr_carea' id='block_1_5' title="bbox 233 3047 1429 4442">
    <p class='ocr_par' dir='ltr' id='par_1_9' title="bbox 233 3047 1426 3251">
     <span class='ocr_line' id='line_1_23' title="bbox 234 3047 1426 3131; baseline 0.003 -19"><span class='ocrx_word' id='word_1_158' title='bbox 234 3051 314 3112; x_wconf 94' lang='lat' dir='ltr'><strong>dum</strong></span> <span class='ocrx_word' id='word_1_159' title='bbox 348 3057 485 3129; x_wconf 91' lang='lat' dir='ltr'><strong>postero</strong></span> <span class='ocrx_word' id='word_1_160' title='bbox 513 3048 568 3108; x_wconf 89' lang='lat' dir='ltr'><strong>die</strong></span> <span class='ocrx_word' id='word_1_161' title='bbox 593 3048 734 3110; x_wconf 85' lang='lat' dir='ltr'><strong>exitium</strong></span> <span class='ocrx_word' id='word_1_162' title='bbox 758 3047 952 3111; x_wconf 90' lang='lat' dir='ltr'><strong>adfuturum</strong></span> <span class='ocrx_word' id='word_1_163' title='bbox 977 3069 1173 3131; x_wconf 90' lang='lat' dir='ltr'><strong>persuasum</strong></span> <span class='ocrx_word' id='word_1_164' title='bbox 1196 3050 1260 3112; x_wconf 90' lang='lat' dir='ltr'><strong>sibi</strong></span> <span class='ocrx_word' id='word_1_165' title='bbox 1285 3051 1426 3126; x_wconf 91' lang='lat' dir='ltr'><strong>habent,</strong></span> 
     </span>
     <span class='ocr_line' id='line_1_24' title="bbox 233 3166 1425 3251; baseline 0.003 -22"><span class='ocrx_word' id='word_1_166' title='bbox 233 3167 346 3229; x_wconf 92' lang='lat' dir='ltr'><strong>subito</strong></span> <span class='ocrx_word' id='word_1_167' title='bbox 367 3176 494 3229; x_wconf 88' lang='lat' dir='ltr'><strong>terrore</strong></span> <span class='ocrx_word' id='word_1_168' title='bbox 516 3166 659 3249; x_wconf 90' lang='lat' dir='ltr'><strong>perculsi</strong></span> <span class='ocrx_word' id='word_1_169' title='bbox 680 3167 722 3229; x_wconf 91' lang='lat' dir='ltr'><strong>ad</strong></span> <span class='ocrx_word' id='word_1_170' title='bbox 745 3176 878 3248; x_wconf 90' lang='lat' dir='ltr'><strong>portam</strong></span> <span class='ocrx_word' id='word_1_171' title='bbox 899 3169 1122 3231; x_wconf 90' lang='lat' dir='ltr'><strong>decumanam</strong></span> <span class='ocrx_word' id='word_1_172' title='bbox 1139 3168 1292 3251; x_wconf 87' lang='lat' dir='ltr'><strong>plerique</strong></span> <span class='ocrx_word' id='word_1_173' title='bbox 1306 3180 1425 3234; x_wconf 90' lang='lat' dir='ltr'><strong>ruunt:</strong></span> 
     </span>
    </p>

    <p class='ocr_par' dir='ltr' id='par_1_10' title="bbox 234 3285 1427 3708">
     <span class='ocr_line' id='line_1_25' title="bbox 283 3285 1424 3368; baseline 0.004 -20"><span class='ocrx_word' id='word_1_174' title='bbox 283 3285 457 3365; x_wconf 69' lang='lat' dir='ltr'><strong>„Caecina</strong></span> <span class='ocrx_word' id='word_1_175' title='bbox 489 3295 665 3368; x_wconf 90' lang='lat' dir='ltr'><strong>comperto</strong></span> <span class='ocrx_word' id='word_1_176' title='bbox 698 3307 819 3350; x_wconf 91' lang='lat' dir='ltr'><strong>vanam</strong></span> <span class='ocrx_word' id='word_1_177' title='bbox 852 3307 924 3349; x_wconf 91' lang='lat' dir='ltr'><strong>esse</strong></span> <span class='ocrx_word' id='word_1_178' title='bbox 955 3288 1181 3362; x_wconf 88' lang='lat' dir='ltr'><strong>formidinem,</strong></span> <span class='ocrx_word' id='word_1_179' title='bbox 1206 3308 1283 3351; x_wconf 92' lang='lat' dir='ltr'><strong>cum</strong></span> <span class='ocrx_word' id='word_1_180' title='bbox 1309 3298 1424 3352; x_wconf 90' lang='lat' dir='ltr'><strong>tamen</strong></span> 
     </span>
     <span class='ocr_line' id='line_1_26' title="bbox 235 3407 1425 3489; baseline 0.003 -20"><span class='ocrx_word' id='word_1_181' title='bbox 235 3427 344 3489; x_wconf 88' lang='lat' dir='ltr'><strong>neque</strong></span> <span class='ocrx_word' id='word_1_182' title='bbox 369 3408 571 3469; x_wconf 87' lang='lat' dir='ltr'><strong>auctoritate</strong></span> <span class='ocrx_word' id='word_1_183' title='bbox 596 3427 706 3488; x_wconf 91' lang='lat' dir='ltr'><strong>neque</strong></span> <span class='ocrx_word' id='word_1_184' title='bbox 727 3407 893 3489; x_wconf 88' lang='lat' dir='ltr'><strong>precibus,</strong></span> <span class='ocrx_word' id='word_1_185' title='bbox 914 3427 955 3469; x_wconf 91' lang='lat' dir='ltr'><strong>ne</strong></span> <span class='ocrx_word' id='word_1_186' title='bbox 977 3428 1079 3470; x_wconf 92' lang='lat' dir='ltr'><strong>manu</strong></span> <span class='ocrx_word' id='word_1_187' title='bbox 1099 3408 1238 3489; x_wconf 91' lang='lat' dir='ltr'><strong>quidem</strong></span> <span class='ocrx_word' id='word_1_188' title='bbox 1259 3409 1425 3472; x_wconf 90' lang='lat' dir='ltr'><strong>obsistere</strong></span> 
     </span>
     <span class='ocr_line' id='line_1_27' title="bbox 234 3527 1427 3610; baseline 0.003 -22"><span class='ocrx_word' id='word_1_189' title='bbox 234 3535 292 3588; x_wconf 92' lang='lat' dir='ltr'><strong>aut</strong></span> <span class='ocrx_word' id='word_1_190' title='bbox 317 3528 460 3589; x_wconf 91' lang='lat' dir='ltr'><strong>retinere</strong></span> <span class='ocrx_word' id='word_1_191' title='bbox 487 3527 627 3588; x_wconf 88' lang='lat' dir='ltr'><strong>militem</strong></span> <span class='ocrx_word' id='word_1_192' title='bbox 653 3527 773 3608; x_wconf 91' lang='lat' dir='ltr'><strong>quiret,</strong></span> <span class='ocrx_word' id='word_1_193' title='bbox 800 3528 970 3608; x_wconf 91' lang='lat' dir='ltr'><strong>proiectus</strong></span> <span class='ocrx_word' id='word_1_194' title='bbox 994 3529 1027 3590; x_wconf 92' lang='lat' dir='ltr'><strong>in</strong></span> <span class='ocrx_word' id='word_1_195' title='bbox 1052 3527 1167 3590; x_wconf 90' lang='lat' dir='ltr'><strong>limine</strong></span> <span class='ocrx_word' id='word_1_196' title='bbox 1187 3536 1307 3610; x_wconf 93' lang='lat' dir='ltr'><strong>portae</strong></span> <span class='ocrx_word' id='word_1_197' title='bbox 1329 3530 1427 3591; x_wconf 91' lang='lat' dir='ltr'><strong>mise·</strong></span> 
     </span>
     <span class='ocr_line' id='line_1_28' title="bbox 236 3644 815 3708; baseline -0.002 -1"><span class='ocrx_word' id='word_1_198' title='bbox 236 3647 365 3708; x_wconf 92' lang='lat' dir='ltr'><strong>ratione</strong></span> <span class='ocrx_word' id='word_1_199' title='bbox 389 3647 526 3708; x_wconf 90' lang='lat' dir='ltr'><strong>demum</strong></span> <span class='ocrx_word' id='word_1_200' title='bbox 552 3645 671 3707; x_wconf 90' lang='lat' dir='ltr'><strong>clausit</strong></span> <span class='ocrx_word' id='word_1_201' title='bbox 692 3644 815 3707; x_wconf 90' lang='lat' dir='ltr'><strong>viam.”</strong></span> 
     </span>
    </p>

    <p class='ocr_par' dir='ltr' id='par_1_11' title="bbox 235 3763 1429 4186">
     <span class='ocr_line' id='line_1_29' title="bbox 281 3763 1428 3847; baseline 0.002 -21"><span class='ocrx_word' id='word_1_202' title='bbox 281 3765 459 3827; x_wconf 87' lang='lat' dir='ltr'><strong>Diutiusne</strong></span> <span class='ocrx_word' id='word_1_203' title='bbox 495 3763 639 3827; x_wconf 85' lang='lat' dir='ltr'><strong>feramus</strong></span> <span class='ocrx_word' id='word_1_204' title='bbox 672 3764 932 3846; x_wconf 89' lang='lat' dir='ltr'><strong>pulcherrimum</strong></span> <span class='ocrx_word' id='word_1_205' title='bbox 965 3764 1055 3827; x_wconf 89' lang='lat' dir='ltr'><strong>hunc</strong></span> <span class='ocrx_word' id='word_1_206' title='bbox 1083 3765 1196 3828; x_wconf 90' lang='lat' dir='ltr'><strong>locum</strong></span> <span class='ocrx_word' id='word_1_207' title='bbox 1228 3764 1428 3847; x_wconf 86' lang='lat' dir='ltr'><strong>languidum</strong></span> 
     </span>
     <span class='ocr_line' id='line_1_30' title="bbox 236 3884 1429 3969; baseline 0.001 -22"><span class='ocrx_word' id='word_1_208' title='bbox 236 3884 464 3965; x_wconf 83' lang='lat' dir='ltr'><strong>frigidumque</strong></span> <span class='ocrx_word' id='word_1_209' title='bbox 505 3885 601 3947; x_wconf 92' lang='lat' dir='ltr'><strong>reddi</strong></span> <span class='ocrx_word' id='word_1_210' title='bbox 635 3884 759 3947; x_wconf 90' lang='lat' dir='ltr'><strong>insulsa</strong></span> <span class='ocrx_word' id='word_1_211' title='bbox 791 3885 968 3965; x_wconf 88' lang='lat' dir='ltr'><strong>magistelli</strong></span> <span class='ocrx_word' id='word_1_212' title='bbox 1000 3886 1223 3948; x_wconf 90' lang='lat' dir='ltr'><strong>annotatione</strong></span> <span class='ocrx_word' id='word_1_213' title='bbox 1253 3887 1335 3966; x_wconf 83' lang='lat' dir='ltr'><strong>quia</strong></span> <span class='ocrx_word' id='word_1_214' title='bbox 1363 3899 1429 3969; x_wconf 80' lang='lat' dir='ltr'><strong>per</strong></span> 
     </span>
     <span class='ocr_line' id='line_1_31' title="bbox 236 4004 1429 4086; baseline 0.003 -21"><span class='ocrx_word' id='word_1_215' title='bbox 236 4015 355 4086; x_wconf 78' lang='lat' dir='ltr'><strong>corpus</strong></span> <span class='ocrx_word' id='word_1_216' title='bbox 390 4004 494 4086; x_wconf 80' lang='lat' dir='ltr'><strong>legati</strong></span> <span class='ocrx_word' id='word_1_217' title='bbox 527 4005 667 4067; x_wconf 80' lang='lat' dir='ltr'><strong>eundum</strong></span> <span class='ocrx_word' id='word_1_218' title='bbox 702 4016 786 4078; x_wconf 82' lang='lat' dir='ltr'><strong>erat,</strong></span> <span class='ocrx_word' id='word_1_219' title='bbox 824 4024 911 4085; x_wconf 89' lang='lat' dir='ltr'><strong>quae</strong></span> <span class='ocrx_word' id='word_1_220' title='bbox 947 4024 1035 4066; x_wconf 91' lang='lat' dir='ltr'><strong>nunc</strong></span> <span class='ocrx_word' id='word_1_221' title='bbox 1067 4004 1179 4066; x_wconf 92' lang='lat' dir='ltr'><strong>verbis</strong></span> <span class='ocrx_word' id='word_1_222' title='bbox 1217 4005 1429 4068; x_wconf 78' lang='lat' dir='ltr'><strong>miseratione</strong></span> 
     </span>
     <span class='ocr_line' id='line_1_32' title="bbox 235 4121 571 4186; baseline -0.003 -1"><span class='ocrx_word' id='word_1_223' title='bbox 235 4125 363 4186; x_wconf 79' lang='lat' dir='ltr'><strong>demum</strong></span> <span class='ocrx_word' id='word_1_224' title='bbox 388 4121 571 4185; x_wconf 87' lang='lat' dir='ltr'><strong>adhaeret?</strong></span> 
     </span>
    </p>

    <p class='ocr_par' dir='ltr' id='par_1_12' title="bbox 236 4242 1425 4442">
     <span class='ocr_line' id='line_1_33' title="bbox 281 4242 1425 4324; baseline 0 -19"><span class='ocrx_word' id='word_1_225' title='bbox 281 4243 324 4305; x_wconf 83' lang='lat' dir='ltr'><strong>A.</strong></span> <span class='ocrx_word' id='word_1_226' title='bbox 358 4243 383 4316; x_wconf 93' lang='lat' dir='ltr'><strong>I,</strong></span> <span class='ocrx_word' id='word_1_227' title='bbox 416 4256 469 4323; x_wconf 86' lang='lat'><strong>72.</strong></span> <span class='ocrx_word' id='word_1_228' title='bbox 503 4242 555 4304; x_wconf 91' lang='lat' dir='ltr'><strong>De</strong></span> <span class='ocrx_word' id='word_1_229' title='bbox 587 4242 661 4323; x_wconf 88' lang='lat' dir='ltr'><strong>lege</strong></span> <span class='ocrx_word' id='word_1_230' title='bbox 693 4243 888 4317; x_wconf 88' lang='lat' dir='ltr'><strong>maiestatis,</strong></span> <span class='ocrx_word' id='word_1_231' title='bbox 920 4262 1023 4324; x_wconf 92' lang='lat' dir='ltr'><strong>quam</strong></span> <span class='ocrx_word' id='word_1_232' title='bbox 1055 4243 1236 4306; x_wconf 87' lang='lat' dir='ltr'><strong>reduxerat</strong></span> <span class='ocrx_word' id='word_1_233' title='bbox 1259 4242 1425 4318; x_wconf 90' lang='lat' dir='ltr'><strong>Tiberius,</strong></span> 
     </span>
     <span class='ocr_line' id='line_1_34' title="bbox 236 4361 639 4442; baseline 0.002 -20"><span class='ocrx_word' id='word_1_234' title='bbox 236 4362 282 4423; x_wconf 92' lang='lat' dir='ltr'><strong>ita</strong></span> <span class='ocrx_word' id='word_1_235' title='bbox 307 4361 445 4423; x_wconf 90' lang='lat' dir='ltr'><strong>Tacitus</strong></span> <span class='ocrx_word' id='word_1_236' title='bbox 470 4362 639 4442; x_wconf 90' lang='lat' dir='ltr'><strong>disputat:</strong></span> 
     </span>
    </p>
   </div>
   <div class='ocr_carea' id='block_1_6' title="bbox 0 0 1666 5280">
    <p class='ocr_par' dir='ltr' id='par_1_13' title="bbox 0 0 1666 5280">
     <span class='ocr_line' id='line_1_35' title="bbox 0 0 1666 5280; baseline 0 0"><span class='ocrx_word' id='word_1_237' title='bbox 0 0 1666 5280; x_wconf 95' lang='lat' dir='ltr'><strong> </strong></span> 
     </span>
    </p>
   </div>
  </div>
 </body>
</html>
