3210 5274
687 399 724 465 ¹7

102 560 215 623 verbis
246 561 289 622 ad
322 560 626 623 demonstrandum
659 580 726 622 non
758 560 867 623 solum
900 561 981 643 quid
1014 569 1125 623 narret
1149 560 1300 634 Tacitus,

102 680 161 742 sed
187 680 291 742 etiam
316 679 398 761 quid
424 699 541 742 revera
561 678 687 742 factum
708 680 761 754 sit,
782 680 874 760 quod
895 679 938 742 ab
959 678 1026 754 illo,
1048 680 1129 741 dum
1150 698 1300 741 commo·

102 799 204 861 vendi
236 798 336 860 nimis
368 797 521 879 indulget
551 798 676 873 studio,
701 806 896 880 corruptum
921 800 963 861 sit
986 808 1089 880 atque
1115 800 1299 861 detortum.

149 917 286 979 Initium
311 916 431 979 faciam
456 916 499 979 ab
524 937 565 979 eo
590 917 755 979 veneficio
780 937 847 999 quo
872 919 915 980 de
940 918 1053 980 medio
1077 916 1229 980 sublatus
1248 925 1299 978 est

102 1035 272 1099 Claudius.
305 1035 371 1098 Hic
403 1055 539 1117 quoque
570 1035 664 1099 locus
696 1037 833 1099 tractari
865 1045 957 1099 recte
989 1057 1057 1099 non
1089 1045 1203 1118 potest
1236 1035 1299 1098 nisi

102 1173 316 1216 removemus
347 1154 477 1229 vitium,
509 1155 600 1236 quod
633 1175 775 1237 pravum
805 1155 1011 1217 emendandi
1034 1154 1185 1217 studium
1210 1154 1299 1217 ultro

101 1274 243 1336 invexit.
270 1274 409 1355 Legitur
433 1272 527 1336 locus
552 1274 644 1336 Ann.
670 1275 748 1336 XII.
774 1276 835 1356 67:

146 1392 340 1475 (scriptores
369 1402 562 1475 temporum
594 1393 726 1456 illorum
757 1394 991 1476 prodiderunt)
1016 1393 1162 1455 infusum
1187 1393 1298 1456 delec-

100 1511 198 1575 tabili
223 1512 301 1575 cibo
316 1511 338 1594 ¹)
364 1532 544 1593 venenum,
569 1532 631 1575 nec
656 1513 726 1575 vim
750 1513 984 1575 medicaminis
1008 1513 1123 1574 statim
1149 1511 1300 1574 intellec·

101 1640 173 1695 tarn
204 1632 405 1695 socordiane
437 1652 479 1694 an
511 1631 643 1695 Claudii
656 1630 681 1713 ²)
714 1631 917 1707 vinolentia3
951 1631 1048 1694 simul
1073 1630 1183 1693 soluta
1206 1630 1301 1694 alvus

101 1750 300 1813 subvenisse
331 1750 521 1813 videbatur.
554 1751 661 1832 Igitur
689 1751 852 1813 exterrita
875 1749 1078 1832 Agrippina,
1104 1757 1138 1813 et
1163 1750 1301 1832 quando

102 1869 222 1933 ultima
245 1870 463 1945 timebantur,
488 1879 603 1953 spreta
626 1872 854 1954 praesentium
878 1870 1016 1945 invidia,
1041 1871 1212 1952 provisam
1233 1871 1299 1932 iam

100 1989 165 2051 sibi
200 1989 404 2052 Xenocratis
435 1990 558 2052 medici
582 1990 826 2053 conscientiam
849 1988 1002 2056 adhibet.
1029 1989 1100 2064 Ille,
1124 1998 1300 2070 tamquam

104 2108 195 2170 nisus
233 2109 425 2171 evomentis
460 2109 647 2183 adiuvaret,
684 2110 823 2191 pinnam
859 2108 979 2190 rapido
1014 2129 1148 2172 veneno
1182 2108 1301 2172 illitam

105 2226 260 2289 faucibus
283 2227 355 2291 eius
379 2227 554 2289 demisisse
579 2228 727 2289 creditur
753 2247 781 2288 e.
796 2247 829 2308 q.
843 2248 868 2289 s.

148 2345 348 2408 Admodum
384 2345 541 2408 intricata
573 2354 624 2407 est
657 2345 822 2420 narratio,
855 2345 974 2407 videor
1004 2353 1118 2408 tamen
1151 2347 1232 2409 mihi
1265 2368 1300 2409 re

102 2466 226 2528 iterum
250 2467 439 2548 iterumque
464 2466 642 2548 explorata
665 2465 804 2527 tandem
830 2467 1053 2546 perspexisse,
1077 2468 1104 2528 si
1130 2486 1198 2530 non
1218 2468 1299 2548 quid

102 2585 243 2647 Tacitus
263 2585 396 2661 doceat,
418 2594 452 2648 at
473 2593 565 2648 certe
585 2584 666 2667 quid
687 2583 818 2646 consilii
839 2583 882 2646 ab
904 2583 1096 2667 Agrippina
1113 2586 1155 2647 sit
1169 2586 1299 2648 initum.

104 2705 253 2768 Primum
285 2705 365 2769 lenti
395 2705 517 2767 veneni
550 2703 675 2767 factum
704 2712 754 2765 est
778 2703 974 2785 periculum,
1000 2705 1060 2767 sed
1085 2705 1133 2767 ita
1156 2703 1238 2767 lenti
1263 2714 1300 2767 ut

104 2825 155 2886 vis
186 2823 256 2885 eius
286 2825 401 2887 statim
433 2824 466 2905 (i.
491 2843 519 2885 e.
545 2823 578 2885 in
602 2824 676 2904 ipsa
700 2822 819 2903 coena)
844 2831 959 2904 posset
985 2822 1131 2905 intellegi
1154 2824 1301 2903 (novicio

104 2940 272 3005 vocabulo
296 2952 513 3005 constateeren
538 2940 620 3003 illud
645 2940 788 3003 verbum
812 2948 863 3004 est
888 2941 1112 3022 vertendum).
1134 2939 1302 3023 Sperabat

104 3080 228 3142 nempe
249 3060 441 3142 Agrippina
461 3060 600 3141 eiusque
622 3059 775 3121 minister
795 3059 1010 3140 consopitum
1031 3058 1070 3119 iri
1090 3057 1148 3121 illo
1169 3079 1302 3121 veneno

105 3179 294 3253 Claudium,
320 3179 373 3241 vel
397 3178 624 3260 collapsurum
648 3198 739 3254 esse;
761 3197 829 3260 quo
850 3176 940 3240 sacto
961 3178 995 3239 in
1015 3177 1207 3240 cubiculum
1228 3198 1302 3259 per·

103 3297 263 3361 ferendus
295 3307 384 3360 esset
415 3297 480 3371 ille,
507 3298 563 3360 ubi
589 3298 776 3380 exspiraret
801 3315 912 3377 neque
937 3294 1017 3358 dolo
1042 3297 1085 3358 ab
1109 3296 1182 3359 aliis
1206 3297 1302 3360 intel·

103 3417 196 3480 lecto
220 3436 331 3497 neque
355 3415 515 3479 facultate
539 3414 682 3480 Claudio
707 3416 787 3478 data
811 3415 854 3476 ad
876 3434 1026 3476 amorem
1048 3415 1105 3478 filii
1127 3417 1301 3479 redeundi.

106 3535 285 3599 Praeterea
308 3536 356 3597 sic
380 3536 552 3600 vitabatur
574 3536 702 3599 invidio
716 3535 954 3618 praesentium,
976 3553 1079 3615 quam
1101 3535 1301 3617 Agrippina,

104 3675 183 3718 cum
208 3675 261 3717 res
284 3653 382 3717 aliter
404 3655 591 3726 cecidisset,
616 3653 810 3734 spernebat.
833 3652 881 3715 At
901 3653 982 3734 quid
1004 3634 1062 3714 fit?
1084 3651 1226 3734 Sperata
1246 3652 1303 3716 illa

104 3775 157 3837 vis
179 3795 242 3837 non
266 3773 477 3856 intellegitur,
501 3773 573 3835 sive
598 3773 690 3853 quod
716 3773 879 3846 convivae,
905 3772 961 3852 qui
987 3770 1199 3852 Agrippinae
1223 3791 1303 3835 eon-

103 3892 169 3955 silii
190 3892 284 3954 inscii
306 3900 413 3967 erant,
433 3892 581 3954 socordes
600 3898 678 3953 sunt
697 3898 732 3952 et
753 3888 835 3953 nihil
850 3890 976 3963 vident,
990 3888 1061 3951 sive
1074 3889 1165 3970 quod
1181 3898 1302 3972 putant

145 4103 171 4169 ι)
189 4102 233 4152 Sic
257 4117 323 4196 egplo
331 4100 418 4164 legere
441 4099 529 4149 malim
555 4115 633 4164 quam
657 4100 745 4149 boleto.
772 4100 803 4148 In
822 4099 913 4149 codice
931 4107 970 4148 est
989 4099 1042 4148 cibo
1060 4101 1119 4164 leto,
1136 4099 1207 4149 haud
1224 4099 1304 4150 dubie

104 4214 195 4257 natum
216 4221 244 4255 e:
263 4207 323 4254 cibo.

141 4293 171 4356 a)
190 4293 221 4341 ln
246 4289 337 4340 codice
361 4298 401 4338 est
425 4290 573 4339 socordiane
595 4306 630 4339 on
650 4290 759 4338 Claudii
776 4289 805 4338 vl
822 4306 857 4338 on
877 4290 1030 4341 vinolentia.
1049 4291 1107 4355 Ego
1123 4291 1303 4341 tantummodo

107 4376 313 4442 dittographiam
322 4379 351 4427 oi
359 4395 395 4428 on
406 4378 479 4444 rollo,
489 4393 543 4427 non
553 4385 612 4428 utor
618 4378 834 4443 transpositione:
844 4380 992 4429 socordiane
999 4381 1107 4429 Claudii
1111 4397 1146 4429 on
1153 4380 1306 4430 vinolentia.

1145 4493 1162 4529 2

1439 39 1585 369 b
