3210 5274
751 384 812 449 109

223 546 302 610 Non
326 546 442 610 statim
465 557 609 630 apparet
629 548 713 611 haec
734 550 816 632 quid
838 549 901 611 sibi
921 549 1041 623 velint;
1063 550 1123 611 sed
1137 570 1172 612 re
1185 551 1374 613 accuratius

175 686 346 749 perpensa
367 687 486 730 verum
505 668 570 730 loci
591 688 728 731 sensum
748 670 941 751 perspicere
955 668 1037 731 mihi
1051 669 1179 733 videor.
1194 670 1269 732 Hoc
1284 671 1375 734 enim

176 797 293 851 narrat
317 788 473 852 Tacitus:
499 787 592 852 Otho
617 790 783 871 primores
807 790 974 871 quosdam
999 788 1194 864 Galliarum,
1219 790 1277 872 qui
1302 799 1374 852 tum

174 907 264 971 sorte
297 909 428 972 Romae
461 909 613 983 aderant,
646 909 820 972 dimiserat
851 917 888 971 ut
919 929 998 972 suos
1026 911 1169 992 quisque
1193 910 1374 993 populares

174 1037 298 1092 contra
322 1029 498 1092 Vitellium
523 1029 690 1093 incitaret.
717 1029 762 1092 Hi
787 1050 879 1111 ergo,
905 1050 982 1093 cum
1007 1032 1129 1093 eodem
1154 1039 1309 1113 tempore
1330 1031 1374 1095 ab

175 1148 260 1210 urbe
292 1148 605 1231 proficiscebantur,
635 1149 830 1231 priusquam
855 1149 889 1211 in
912 1169 1007 1211 suam
1033 1149 1174 1231 quisque
1199 1150 1373 1213 civitatem

174 1269 446 1350 digrederentur,
478 1269 512 1332 in
545 1269 658 1351 aliqua
689 1269 782 1343 urbe,
815 1269 905 1332 unde
937 1269 1091 1332 diversae
1124 1269 1265 1334 exibant
1289 1271 1374 1344 viae,

174 1396 420 1463 convenerant,
450 1388 566 1470 ibique
598 1389 657 1471 (sic
681 1397 774 1451 certe
798 1408 913 1451 rumor
937 1387 1080 1470 ferebat)
1105 1390 1307 1471 pepigerant
1333 1411 1374 1452 ne

176 1508 338 1570 deessent
361 1506 510 1570 libertati
536 1527 565 1570 e.
580 1528 613 1589 q.
626 1505 686 1570 s'’.

223 1629 267 1691 H.
294 1628 336 1703 V,
367 1646 392 1691 1.
418 1629 531 1691 Prima
554 1637 633 1691 sunt
656 1628 732 1691 libri
757 1627 878 1692 verba:

224 1748 408 1827 ,Eiusdem
429 1749 509 1812 anni
522 1749 691 1831 principio
703 1747 827 1811 Caesar
839 1749 946 1823 Titus,
960 1749 1214 1830 perdomandae
1229 1750 1375 1814 Iudaeae

176 1869 332 1932 delectus
362 1888 382 1930 a
413 1877 509 1951 patre
541 1877 577 1931 et
611 1868 751 1951 privatis
783 1868 957 1950 utriusque
987 1869 1086 1931 rebus
1112 1868 1231 1931 militia
1255 1869 1373 1945 clarus,

177 1988 305 2050 maiore
318 1996 390 2049 tum
402 1988 433 2050 vi
448 1986 605 2071 famaque
614 1988 749 2069 agebat,
758 1986 968 2050 certantibus
976 1988 1225 2069 provinciarum
1236 1997 1270 2050 et
1279 2010 1373 2052 exer-

176 2108 306 2170 cituum
318 2107 439 2169 studiis
445 2134 453 2183 ;
467 2115 571 2188 atque
584 2107 656 2189 ipse
670 2116 707 2169 ut
719 2126 820 2189 super
833 2106 1003 2169 fortunam
1016 2108 1211 2170 crederetur
1224 2129 1253 2171 e.
1267 2130 1300 2190 q.
1314 2110 1374 2173 s.”.

222 2228 344 2291 Voluit
367 2248 449 2310 ergo
474 2228 572 2291 Titus
594 2240 695 2311 super
707 2229 889 2310 fortunam
910 2228 1009 2302 credi,
1030 2229 1089 2290 sed
1111 2230 1193 2310 quid
1220 2229 1283 2292 hoc
1304 2229 1376 2293 est?

178 2347 289 2422 Putes,
324 2356 361 2410 ut
387 2347 520 2429 opinor,
545 2348 588 2410 de
613 2367 653 2409 eo
677 2347 742 2409 hoc
767 2347 833 2409 dici
859 2347 926 2429 qui,
952 2367 1028 2409 cum
1054 2349 1087 2410 in
1113 2348 1206 2412 edito
1231 2351 1275 2412 sit
1298 2349 1375 2414 loco

178 2469 319 2549 positus,
342 2477 458 2530 tamen
479 2475 661 2529 contentus
680 2485 722 2528 eo
744 2486 812 2528 non
832 2475 894 2540 est,
915 2475 950 2528 et
970 2467 1133 2530 maiorem
1153 2469 1256 2530 etiam
1270 2490 1371 2551 quam

177 2606 237 2667 pro
271 2585 408 2649 fortuna
439 2585 564 2648 samam
596 2586 738 2668 appetit.
774 2584 822 2647 At
847 2584 911 2646 hoc
936 2585 963 2646 si
989 2586 1150 2648 voluisset
1174 2587 1281 2662 Titus,
1307 2589 1374 2652 iam

175 2725 244 2770 non
278 2714 456 2787 tamquam
488 2705 703 2788 imperatoris
727 2703 813 2766 lilius
836 2705 960 2786 suspici
985 2707 1045 2769 sed
1069 2716 1244 2789 tamquam
1269 2710 1375 2791 impe·

173 2836 268 2890 rator
301 2825 366 2887 coli
397 2824 570 2907 cupiisset.
602 2824 648 2887 Et
679 2824 823 2887 multum
855 2825 953 2887 abest
977 2833 1013 2886 ut
1038 2834 1168 2888 tantam
1193 2828 1223 2889 ei
1248 2829 1375 2891 tribuat

164 2945 406 3027 arrogantiam
427 2945 581 3018 Tacitus;
607 2943 650 3006 de
672 2943 794 3005 eodem
816 2947 906 3006 enim
925 2964 1027 3026 porro
1041 2954 1167 3008 narrat:
1192 2947 1373 3026 „decorum

159 3085 204 3131 se
232 3074 504 3150 promptumque
537 3065 570 3126 in
597 3064 698 3126 armis
722 3064 937 3138 ostendebat,
962 3066 1124 3128 comitate
1148 3074 1183 3129 et
1206 3067 1375 3149 adloquiis

154 3187 288 3252 officia
313 3205 503 3268 provocans
527 3204 566 3247 ac
591 3184 790 3266 plerumque
815 3184 848 3245 in
871 3204 985 3266 opere,
1007 3185 1040 3246 in
1061 3186 1195 3267 agmine
1208 3189 1374 3270 gregario

147 3307 278 3372 militi
309 3307 444 3379 mixtus,
476 3305 673 3386 incorrupto
704 3303 799 3366 ducis
831 3302 992 3365 honore”.
1021 3304 1178 3367 Proiecto
1203 3327 1270 3369 non
1294 3317 1373 3370 sunt

146 3421 260 3493 haec
293 3426 365 3488 eius
394 3445 497 3508 quern
528 3424 579 3486 sui
611 3432 727 3497 status
753 3424 908 3505 quamvis
932 3425 1068 3505 egregii,
1094 3426 1257 3506 poenitet.
1285 3428 1371 3490 Mire

141 3541 224 3614 hic
254 3568 275 3609 a
300 3545 501 3627 quotidiano
532 3543 694 3625 loquendi
726 3542 965 3625 scribendique
997 3564 1055 3605 usu
1082 3546 1208 3607 recedit
1233 3546 1371 3609 Tacitus

140 3679 199 3732 et
238 3664 623 3730 honorificentissimum
658 3663 724 3726 hoc
756 3663 836 3725 Tito
868 3663 928 3726 dat
959 3664 1208 3727 testimonium:
1245 3667 1370 3746 ,videri

141 3781 373 3853 hominibus
392 3787 420 3848 is
440 3805 513 3848 esse
533 3785 705 3867 cupiebat,
726 3804 828 3864 quem
849 3782 984 3846 fortuna
1005 3805 1114 3865 neque
1128 3797 1371 3870 corrumperet,

142 3922 287 3991 neque
309 3907 352 3968 ad
373 3907 543 3987 ignaviam
558 3905 765 3978 detruderet,
780 3903 836 3985 qui
851 3902 1004 3966 fortunae
1018 3905 1200 3987 imperaret
1214 3907 1370 3989 (κρείττων

140 4036 227 4099 τῆς
255 4025 372 4108 τύχης)
399 4046 466 4089 non
490 4026 535 4088 ab
560 4025 615 4088 illa
639 4023 844 4106 regeretur'’.

216 4147 313 4210 Ann.
340 4145 383 4219 11,
409 4164 446 4226 3:
475 4146 567 4224 ,Nec
592 4144 730 4227 Tigrani
756 4144 951 4206 diuturnum
975 4144 1155 4226 imperium
1180 4145 1240 4209 fuit
1262 4168 1371 4229 neque

147 4258 289 4329 liberis
310 4266 391 4338 eiuS,
412 4284 620 4346 quamquam
642 4264 777 4327 sociatis
799 4283 891 4325 more
912 4272 1055 4325 externo
1072 4265 1104 4325 in
1119 4268 1370 4330 matrimonium

157 4382 421 4468 regnumque'’.
