3210 5274
783 361 826 426 43

207 522 306 585 mites
341 523 498 585 instantis
533 524 716 586 admoneat
753 523 909 606 periculi:
944 523 1019 586 illos
1049 533 1164 587 tamen
1196 522 1320 585 Bacchi
1352 520 1403 584 vis

205 661 323 704 verum
356 661 474 703 eorum
505 661 641 704 sensum
674 643 865 724 perspicere
890 652 993 705 vetat.
1020 643 1098 706 Non
1122 650 1195 705 erat
1219 643 1319 723 igitur
1343 660 1402 703 cur

206 761 437 844 Nipperdeius
468 769 665 824 annotaret:
703 782 757 841 ,es
789 763 832 823 ist
864 763 1100 843 merkwiirdig,
1133 763 1210 825 dass
1234 761 1289 824 die
1314 760 1402 823 nahe

202 881 361 964 liegende
394 880 611 962 Vermutung
642 879 726 943 fehlt
758 881 896 944 Vettius
928 882 1055 945 Valens
1082 881 1170 944 habe
1194 902 1232 944 so
1256 881 1401 944 ironisclt

204 1001 276 1083 (cur
308 1008 424 1062 autem
455 999 610 1077 εἰρωνικῶς
620 999 643 1080 l)
670 1001 763 1062 seine
788 1000 907 1081 eigene
934 1000 1098 1082 Meinung
1121 1000 1204 1063 tiber
1228 1001 1282 1063 die
1307 1000 1402 1063 kom-

206 1120 355 1183 menden
376 1119 512 1200 Dingen
531 1119 770 1200 ausgedriickt,
788 1119 858 1181 und
873 1119 1044 1182 vielleicht
1056 1120 1099 1181 ist
1110 1120 1183 1182 dies
1196 1118 1400 1201 ausgefallen

204 1237 315 1321 (forte
345 1239 441 1321 lapsa
471 1237 526 1301 vel
554 1237 686 1301 consilio
712 1239 815 1300 missa
842 1238 926 1300 oder
949 1239 1037 1300 iacta
1060 1236 1175 1319 vox)'’.
1202 1237 1285 1299 Mihi
1309 1237 1399 1298 enim

207 1356 424 1436 „notabilius”
461 1357 642 1431 videretur,
678 1356 705 1418 si
737 1356 802 1419 hoc
831 1356 919 1436 loco,
951 1357 1008 1438 qui
1041 1364 1133 1418 totus
1163 1357 1256 1418 omni
1286 1356 1400 1437 specie

204 1476 275 1540 veri
306 1486 431 1551 careat,
462 1486 534 1540 tam
560 1477 709 1558 prudens
732 1485 871 1558 tamque
896 1475 1081 1558 probabilis
1105 1476 1251 1558 suspicio
1276 1476 1401 1538 inserta

202 1605 311 1658 esset:
348 1615 426 1658 cum
461 1604 673 1678 contemptu,
710 1603 747 1658 ut
782 1595 914 1677 opinor,
945 1594 1124 1657 abiecisset
1155 1614 1230 1657 eam
1262 1594 1401 1656 Tacitus

202 1715 312 1777 sicubi
337 1716 533 1777 invenisset.

249 1832 404 1916 Scriptor
435 1842 562 1909 autem,
592 1834 651 1915 qui
684 1834 717 1897 id
749 1833 853 1896 habet
885 1834 976 1915 quod
1004 1833 1070 1896 levi
1095 1832 1292 1915 plebeculae
1317 1832 1399 1894 vitio

201 1952 263 2015 dat
287 1961 467 2034 poetarum
491 1952 692 2015 nostratium
717 1952 803 2026 Rex,
827 1960 865 2014 ut

384 2071 498 2133 Dirior
522 2078 573 2133 est
597 2079 727 2153 quanto
751 2092 803 2134 res
828 2091 995 2155 quaeque,
1019 2070 1190 2134 lubentius
1213 2069 1304 2133 illam

385 2189 532 2253 Credere
556 2188 694 2252 festinet
716 2197 813 2253 tanto
829 2187 850 2270 ¹)

204 2325 322 2369 carere
353 2327 393 2369 ea
424 2307 550 2370 virtute
578 2306 675 2382 solet,
700 2328 803 2389 quam
828 2309 862 2370 in
886 2307 1048 2371 historico
1072 2329 1152 2391 prae
1177 2308 1297 2370 ceteris
1320 2307 1403 2390 lepi-

204 2424 363 2487 dissimus
390 2427 671 2509 acutissimusque
696 2427 874 2489 historicus
899 2424 1221 2507 Mueller-Striibing
1246 2426 1402 2506 requirit:

207 2553 264 2623 ,ut
295 2545 408 2608 iocum
441 2546 641 2628 intelligat”.
674 2546 823 2610 Omnino
855 2546 994 2608 Tacitus
1025 2567 1045 2609 a
1075 2547 1156 2608 iocis
1180 2554 1231 2608 est
1254 2545 1401 2608 alienus:

202 2663 311 2725 semel
347 2672 481 2728 tantum
517 2666 550 2727 in
587 2674 641 2728 tot
676 2665 847 2747 tantisque
883 2665 1069 2727 Annalium
1107 2664 1401 2746 Historiarumque

200 2780 296 2845 libris
320 2791 434 2846 narrat
458 2783 585 2865 aliquid
610 2785 703 2867 quod
728 2784 829 2866 paulo
853 2785 897 2847 sit
922 2783 1083 2858 festivius,
1108 2784 1151 2846 A.
1177 2783 1273 2858 XIII,
1301 2797 1358 2863 54:

248 2902 447 2983 (Frisiorum
478 2902 593 2983 legati)
626 2903 708 2964 dum
738 2903 812 2965 aliis
835 2905 923 2965 curis
947 2904 1116 2966 intentum
1143 2903 1315 2965 Neronem
1340 2923 1400 2984 op-

202 3021 391 3103 periuntur,
411 3021 569 3096 interea,
589 3041 677 3103 quae
698 3021 849 3085 barbaris
869 3031 1094 3097 ostentantur,
1115 3024 1283 3085 intravere
1302 3023 1399 3085 Pom·

203 3141 259 3223 pei
291 3140 474 3213 theatrum,
506 3159 575 3221 quo
607 3142 876 3222 magnitudinem
908 3143 1025 3225 populi
1057 3143 1214 3205 viserent.
1244 3142 1315 3205 Illic
1340 3161 1400 3224 per

204 3259 314 3322 otium
346 3258 470 3340 (neque
501 3260 593 3322 enirn
623 3259 761 3322 ludicris
785 3260 890 3343 ignari
917 3260 1190 3344 oblectabantur)
1214 3263 1295 3325 dum
1320 3282 1399 3324 con·

202 3398 334 3440 sessum
366 3399 501 3453 caveae,
534 3379 730 3442 discrimina
753 3381 920 3455 ordinum,
943 3382 1019 3463 quis
1043 3402 1156 3462 eques
1183 3383 1238 3444 ubi
1263 3391 1400 3445 senatus

203 3504 458 3578 percontantur,
490 3498 669 3560 advertere
700 3499 867 3579 quosdam
899 3499 990 3562 cultu
1023 3508 1165 3562 externo
1197 3501 1230 3562 ln
1261 3501 1399 3563 sedibus

201 3624 416 3691 senatorum,
437 3623 472 3678 et
491 3616 631 3698 quinam
652 3615 774 3691 forent,
795 3619 990 3698 rogitantes,
1004 3627 1185 3700 postquam
1198 3620 1399 3682 audiverant

201 3754 318 3797 earum
355 3737 507 3816 gentium
541 3735 663 3816 legatis
694 3736 728 3798 id
760 3736 898 3799 honoris
929 3738 1177 3817 datum,·quae
1209 3737 1333 3799 virtute
1363 3745 1397 3800 et

201 3853 352 3916 amicitia
386 3852 540 3916 Romana
572 3853 827 3935 praecellerent,
860 3855 969 3917 nullos
999 3854 1191 3918 mortalium
1214 3857 1315 3918 armis
1339 3866 1398 3920 aut

203 4045 418 4058 -.-—-—-

242 4176 268 4244 1)
286 4177 319 4225 In
339 4176 398 4240 ipso
419 4175 598 4239 „Palamedis”
618 4177 707 4225 initio:

472 4261 528 4310 Het
547 4262 710 4327 wispelturig
727 4262 799 4329 volk,
818 4263 862 4313 dat
879 4264 905 4314 al
925 4273 950 4315 te
969 4268 1009 4316 los
1027 4283 1078 4316 van
1096 4268 1178 4318 hoold

474 4380 826 4399 ..............
845 4349 959 4415 'tergste
977 4351 1048 4402 lielst
1065 4354 1173 4417 gelooit.
