3210 5274
780 366 823 434 70

202 531 361 606 editores,
383 540 459 613 post
479 530 654 614 epularum
675 531 843 612 ponimus,
864 539 899 594 et
919 531 1138 594 recordamur
1157 553 1263 613 quarn
1284 552 1393 614 parum

200 651 243 713 sit
274 651 468 732 emphatica
495 649 586 732 apud
610 649 768 713 Tacitum
794 650 1051 733 particulam,
1077 652 1292 733 aptissimam
1315 653 1392 714 hanc

201 771 425 834 nanciscimur
445 771 666 834 sententiam:
690 773 793 835 modo
814 792 895 854 prae
912 771 1021 854 epulis
1035 773 1104 834 suis
1120 774 1290 835 stationes
1304 775 1393 835 omit-

201 891 329 964 tebant,
358 891 460 954 modo
485 890 543 953 illo
567 898 722 973 tempore
747 891 814 953 iam
839 891 922 954 ebrii
947 891 1234 974 procumbebant.

267 1010 359 1073 Ann.
394 1010 454 1084 XI,
487 1012 539 1073 28.
573 1010 702 1092 (Allato
734 983 867 1074 rumore
895 1012 938 1073 de
967 1012 1093 1094 nuptiis
1117 1013 1190 1074 istis
1216 1010 1290 1076 Silii
1314 1013 1393 1075 Mes·

199 1130 403 1211 salinaeque,
437 1128 568 1192 Claudii
599 1129 722 1203 liberti,
753 1150 834 1193 suae
866 1138 1058 1193 metuentes
1088 1132 1279 1213 potentiae,
1312 1151 1393 1194 acer·

203 1249 339 1311 bissime
363 1250 396 1310 in
423 1247 639 1311 Messalinam
664 1249 900 1331 invehunturl:

250 1367 412 1446 ,Subibat
443 1369 515 1430 sine
544 1368 649 1430 dubio
678 1377 788 1431 metus
812 1376 1009 1451 reputantes
1032 1367 1194 1431 hebetem
1221 1368 1393 1432 Claudiurn

201 1497 235 1549 et
268 1489 364 1550 uxori
396 1489 594 1552 devinctum
626 1489 817 1570 multasque
849 1498 976 1552 mortes
999 1490 1088 1552 iussu
1114 1489 1321 1552 Messalinae
1345 1510 1394 1571 pa·

202 1616 317 1669 tratas
351 1609 477 1671 Rursus
509 1610 581 1690 ipsa
613 1608 756 1671 facilitas
788 1609 1002 1690 imperatoris
1032 1607 1193 1671 fiduciam
1226 1610 1342 1683 dabat,
1371 1610 1394 1672 si

201 1728 380 1789 atrocitate
412 1728 560 1790 criminis
594 1727 870 1809 praevaluissent,
904 1747 1002 1810 posse
1029 1728 1178 1809 opprimi
1203 1728 1394 1791 damnatam

202 1854 281 1908 ante
314 1867 416 1927 quam
446 1867 553 1922 rearn;
578 1847 637 1910 sed
664 1848 696 1909 in
721 1867 763 1909 eo
788 1847 968 1910 discrimen
993 1847 1089 1921 verti,
1113 1847 1141 1909 si
1166 1846 1322 1912 defensio
1345 1869 1396 1911 au·

202 1967 330 2027 ditetur
355 1975 459 2047 utque
483 1966 617 2028 clausae
640 1986 737 2029 aures
760 1966 864 2028 etiam
888 1965 1065 2028 confitenti
1089 1964 1236 2029 forent”.

248 2085 313 2148 Hic
346 2087 460 2149 omnia
487 2086 749 2160 confunduntur,
779 2107 890 2168 neque
914 2086 981 2149 ulla
1004 2086 1200 2168 agnoscitur
1225 2087 1396 2167 cogitatio·

204 2226 284 2267 num
316 2205 669 2287 deliberationumque
697 2207 810 2280 series,
836 2206 897 2268 nisi
922 2206 1003 2287 quid
1028 2205 1071 2268 sit
1094 2207 1164 2268 sine
1186 2207 1285 2269 dubio
1310 2216 1396 2268 tene

204 2345 293 2386 mus:
329 2327 525 2389 concedentis
560 2325 641 2388 illud
671 2335 732 2388 est.
767 2325 822 2389 Sic
854 2326 945 2388 enim
976 2325 1128 2408 disputat
1160 2325 1320 2389 Tacitus:
1355 2325 1395 2405 ,si

203 2445 277 2523 quis
299 2465 352 2506 me
374 2455 484 2527 roget:
506 2466 618 2508 nonne
640 2465 722 2527 ergo
742 2445 958 2508 Messalinam
979 2444 1092 2508 liberti
1111 2445 1166 2508 isti
1188 2447 1395 2518 metuebant,

204 2564 445 2643 respondeam:
472 2564 627 2646 profecto
654 2565 852 2628 metuebant
875 2585 961 2639 eam,
986 2563 1045 2627 sed
1070 2584 1100 2626 e.
1125 2584 1157 2645 q.
1183 2562 1232 2626 s.”

248 2681 348 2763 Quod
383 2693 497 2747 autem
533 2685 577 2747 ad
613 2685 694 2747 illud
729 2697 827 2767 utque
861 2685 1019 2766 pertinet,
1054 2683 1223 2746 brevitate
1261 2683 1396 2746 Tacitea

204 2802 350 2883 positum
376 2813 492 2866 censet
518 2804 747 2887 Nipperdeius
771 2804 836 2866 hoc
856 2824 971 2867 sensu:
997 2811 1050 2883 „et
1069 2802 1162 2884 quod
1184 2802 1396 2866 efficiendum

203 2930 291 2984 esset
325 2930 361 2984 ut
387 2921 471 2984 ...’'.
504 2921 571 2986 Sed
605 2931 675 2985 tam
704 2931 860 2986 contorte
887 2922 1040 2985 locutum
1063 2920 1222 2984 Tacitum
1248 2922 1308 2984 vix
1331 2939 1396 2984 cre·

203 3041 316 3114 dibile,
348 3051 451 3122 atque
484 3042 573 3104 istud
604 3054 636 3105 et
664 3042 753 3123 qnod
780 3061 898 3124 parum
929 3048 1048 3123 aptum
1076 3048 1127 3103 est
1154 3039 1328 3103 vinculum
1354 3038 1395 3101 ad

202 3161 378 3240 sequentia
401 3162 616 3225 annectenda
641 3161 934 3243 praecedentibus.
960 3160 1052 3243 Ergo
1075 3161 1122 3223 sic
1147 3160 1263 3241 potius
1287 3160 1397 3222 locum

203 3281 370 3362 explicem
402 3291 438 3343 ut
470 3282 580 3344 dicam
613 3282 645 3344 in
675 3301 759 3343 voce
784 3282 960 3344 discrimen
984 3301 1057 3343 esse
1081 3291 1185 3343 metus
1210 3280 1395 3352 notionem,

203 3420 351 3481 ergoque
375 3412 472 3482 utque
492 3421 564 3462 esse
586 3401 605 3462 i.
627 3421 659 3482 q.
680 3412 712 3463 et
731 3422 769 3462 ne
788 3421 849 3462 non
867 3398 897 3480 ¹).
920 3399 996 3462 Hoc
1016 3399 1118 3480 igitur
1137 3398 1221 3461 dicit
1240 3398 1394 3460 Tacitus:

205 3519 257 3597 „in
291 3539 331 3581 eo
364 3520 544 3582 discrimen
574 3520 769 3582 vertebatur
792 3520 818 3581 si
843 3518 995 3581 defensio
1019 3519 1202 3592 audiretur,
1229 3517 1307 3599 (hoc
1331 3537 1397 3580 me·

202 3637 372 3718 tuebatur)
398 3659 439 3700 ne
465 3659 531 3701 non
557 3639 688 3701 clausae
709 3659 806 3701 aures
827 3639 929 3701 etiam
949 3637 1125 3725 confitenti
1145 3637 1293 3712 essent'’,
1313 3639 1396 3701 sive:

206 3776 262 3834 ,ne
286 3768 443 3838 paterent
472 3777 568 3819 aures
600 3758 731 3820 Claudii
759 3759 862 3819 etiarn
893 3754 1103 3819 confitenti'’.
1136 3753 1277 3838 Optime
1308 3757 1395 3820 inter

202 3894 237 3935 se
270 3885 489 3956 opponuntur
520 3877 551 3938 si
580 3878 726 3958 defensio
750 3877 928 3939 audiretur
952 3884 986 3937 et
1009 3876 1109 3939 etiarn
1134 3875 1302 3959 confitenti
1324 3877 1343 3938 i.
1368 3897 1397 3938 e.

203 4013 270 4054 non
290 4012 325 4054 se
348 3993 544 4057 defendenti
565 3997 623 4056 sed
645 3995 843 4076 simpliciter
861 3994 1038 4057 confitenti
1059 4002 1093 4055 et
1114 3993 1160 4055 nil
1181 3993 1244 4055 nisi
1263 3994 1398 4056 veniam

203 4114 343 4192 petenti.
378 4113 442 4174 Hic
470 4123 542 4175 erat
570 4115 680 4175 omnis
704 4114 901 4176 libertorum
927 4123 1053 4176 metus:
1080 4132 1123 4174 ne
1147 4114 1398 4176 nancisceretur

241 4364 265 4426 ι)
285 4362 325 4411 Cf.
345 4364 405 4412 Seu.
424 4364 474 4428 Ep.
498 4377 538 4428 19,
556 4364 586 4412 6:
609 4363 757 4427 ,Sollicitus
777 4371 862 4412 estut
881 4379 903 4412 e.
924 4379 949 4428 q.
970 4379 989 4411 s.
