3210 5274
642 421 698 486 191

70 588 209 656 stratur,
239 584 299 644 sed
331 602 443 645 sermo
467 582 636 657 Taciteus,
660 591 763 664 atque
788 584 875 645 adeo
901 582 1052 655 LatinuS,
1078 582 1260 644 absurdum

72 701 106 764 in
130 702 274 764 modum
297 704 535 785 corrumpitur.

116 820 235 903 Atque
256 823 419 886 admonet
440 843 494 884 me
511 822 565 886 hic
578 822 672 885 locus
683 822 828 885 duorum
842 823 876 885 in
891 823 1058 895 Historiis,
1073 821 1129 883 ubi
1144 822 1263 883 eadem

72 962 140 1003 vox
160 942 336 1024 pueriliter
355 944 389 1005 in
410 951 544 1005 textum
561 944 687 1005 inserta
699 942 860 1005 Taciteae
873 943 1035 1004 orationis
1047 942 1265 1023 splendorem

71 1063 281 1144 pessumdat.
312 1061 413 1124 Alter
443 1071 495 1125 est
526 1062 552 1137 I,
586 1079 637 1124 22.
669 1061 795 1144 Agitur
819 1063 861 1124 de
886 1061 1031 1125 Othonis
1056 1062 1185 1125 libertis
1210 1083 1269 1144 pa·

71 1190 210 1244 tronum
234 1201 331 1244 suum
354 1182 398 1245 ad
423 1181 555 1245 sortiter
578 1182 749 1263 agendum
774 1181 1011 1244 incitantibus:

119 1300 252 1379 „aulam
277 1300 422 1363 Neronis
447 1309 482 1364 et
505 1301 613 1375 luxus,
638 1300 803 1363 adulteria
829 1301 1044 1363 matrimonia
1068 1308 1266 1380 ceterasque

72 1439 254 1502 regnorum
272 1419 431 1482 libidines
449 1421 551 1482 avido
569 1419 698 1500 talium,
716 1421 743 1481 si
757 1419 909 1492 auderet,
922 1427 958 1481 ut
971 1438 1030 1481 sua
1043 1427 1266 1492 ostentantes,

71 1538 261 1619 quiescenti
286 1547 321 1601 ut
345 1539 456 1602 aliena
479 1537 788 1621 exprobarabant.”

117 1655 203 1739 Quis
222 1658 313 1740 apud
335 1658 492 1721 Tacitum
512 1658 612 1720 istam
632 1657 696 1720 sert
716 1657 881 1720 sermonis
902 1659 1102 1730 ubertatem,
1116 1677 1183 1738 qua
1196 1659 1268 1720 sine

74 1775 142 1839 ullo
165 1777 357 1840 sententiae
381 1778 615 1841 emolumento
639 1778 759 1840 eadem
785 1797 837 1839 res
861 1777 948 1839 binis
969 1776 1142 1839 vocabulis
1164 1778 1271 1858 (adul-

74 1897 171 1971 teria,
196 1898 425 1978 matrimonia)
449 1895 678 1979 significetur?
703 1896 779 1959 Hoc
803 1897 902 1959 aulici
923 1897 977 1959 isti
999 1895 1134 1958 volunt:
1160 1899 1204 1975 „si
1225 1898 1269 1959 ad

73 2015 254 2097 imperium
291 2016 440 2091 veneris,
482 2016 765 2079 nobilissimarum
802 2015 997 2089 mulierum,
1032 2035 1272 2097 quamcunque

75 2133 180 2206 voleS,
205 2154 347 2196 uxorem
373 2134 498 2197 habere
523 2135 684 2217 poteris.‘'

121 2253 235 2315 Minus
259 2254 362 2316 etiam
386 2252 561 2316 ferendum
587 2255 680 2336 quod
705 2254 812 2317 altero
835 2254 912 2317 loco
936 2253 1059 2336 legitur
1082 2254 1143 2330 IV,
1171 2270 1228 2336 55:

120 2370 284 2435 Sabinum
316 2392 417 2455 super
449 2374 584 2435 insitam
617 2375 804 2436 vanitatem
829 2373 931 2436 salsae
955 2375 1068 2456 stirpis
1091 2374 1198 2455 gloria
1222 2375 1270 2438 in·

75 2491 257 2566 cendebat,
292 2493 468 2574 proaviam
503 2512 599 2554 suam
635 2493 716 2554 divo
752 2493 837 2556 Iulio
873 2514 933 2575 per
969 2492 1094 2556 Gallias
1130 2493 1270 2557 bellanti

76 2629 219 2693 corpore
243 2618 347 2692 atque
370 2611 540 2674 adulterio
564 2611 762 2694 placuisse.'’

119 2729 322 2793 Admodum
354 2730 562 2793 delectatum
595 2752 668 2794 esse
698 2730 855 2793 Tacitum
881 2729 1020 2794 flosculo
1045 2733 1110 2794 isto
1134 2745 1270 2815 corpore

77 2849 244 2930 placuisse
274 2850 406 2931 opinor,
438 2851 498 2913 sed
530 2851 690 2934 spoliavit
714 2872 790 2914 eum
815 2852 952 2933 egregio
976 2860 1188 2927 ornament0‚
1213 2851 1270 2933 qui

80 2971 206 3052 primus
245 2969 405 3032 insulsam
442 2972 701 3034 annotationem
738 2983 835 3053 atque
868 2970 1034 3034 adulterio
1072 2972 1104 3033 in
1136 2979 1268 3033 textum

80 3089 217 3170 recepit.

120 3207 165 3270 A.
190 3208 288 3283 XVI,
314 3225 344 3272 2.
369 3210 422 3273 De
446 3210 605 3273 thesauro
625 3230 645 3272 a
664 3230 700 3272 se
720 3210 859 3272 invento
880 3209 983 3271 homo
1003 3210 1142 3291 quidam
1163 3229 1269 3274 vanus

81 3327 251 3391 Neronem
276 3331 417 3392 edocet:

124 3447 252 3531 ,Igitur
284 3447 385 3523 Ner0,
422 3469 489 3512 non
520 3449 678 3523 auctoris,
710 3468 778 3511 non
811 3449 914 3531 ipsius
942 3449 1069 3530 negotii
1097 3449 1164 3510 fide
1188 3451 1270 3511 satis

79 3576 240 3647 spectata,
273 3587 335 3630 nec
360 3568 480 3642 missis,
504 3588 564 3651 per
588 3587 673 3650 quos
698 3575 862 3641 nosceret,
888 3587 930 3629 an
955 3588 1036 3630 vera
1059 3567 1269 3644 afferrentur,

80 3695 178 3767 auget
203 3686 292 3749 ultro
315 3685 519 3750 rumorem.''

122 3803 188 3866 Hic
222 3804 439 3885 magistelluS,
472 3814 508 3868 ut
539 3813 741 3867 structuram
773 3803 883 3866 missis
907 3817 972 3887 per
995 3827 1074 3888 quos
1097 3808 1271 3890 discipulis

81 3921 274 4003 explicaret,
296 3922 480 3986 absurdum
501 3931 535 3986 et
555 3944 575 3985 a
595 3943 630 3985 se
651 3922 826 3984 inventum
844 3923 1093 3988 substantivum
1106 3928 1271 3990 risoribus

82 4038 111 4102 in
135 4040 289 4122 margine
312 4042 503 4124 adscripsit,
527 4041 618 4123 quod
645 4049 764 4123 postea
788 4041 822 4102 iu
848 4048 979 4104 textum
1006 4054 1180 4126 receptum
1204 4066 1272 4108 ser·

82 4159 187 4221 monis
223 4158 380 4222 barbarie
415 4161 518 4224 etiam
554 4160 667 4244 prodit
702 4158 855 4221 sciolum.
892 4157 1022 4240 Quodsi
1059 4184 1147 4225 nunc
1178 4165 1269 4247 apud

82 4275 236 4340 Tacitum
268 4277 436 4360 legeretur
470 4280 597 4358 ,missis
620 4277 887 4361 exploratoribus
910 4279 967 4359 qui
992 4282 1192 4344 noscerent”
1217 4284 1271 4345 vel

83 4396 244 4458 eiusmodi
274 4397 413 4478 aliquid,
447 4418 515 4461 non
547 4399 704 4460 deessent
737 4396 798 4458 viri
823 4396 927 4470 docti,
952 4400 1009 4479 qui
1033 4401 1134 4463 anxie
1157 4400 1272 4464 obsta·
