3292 5280
884 353 923 414 ¹4

303 514 497 578 examinare
521 514 686 589 iubemus,
710 515 769 577 sed
795 516 876 596 quin
901 513 1040 577 omnino
1060 514 1148 577 bene
1169 513 1381 596 perspexerit
1400 512 1499 576 Taci-

303 642 358 697 tus
381 635 462 716 quid
487 644 576 697 esset
600 634 774 697 historiam
799 635 956 708 scribere,
982 634 1137 696 dubitare
1163 634 1315 715 iniquum
1339 633 1392 697 sit.

348 754 386 817 B.
410 754 503 817 Ann.
529 755 589 828 ΙΙΙ,
613 772 641 835 3.
662 754 801 818 Cineres
822 753 1014 818 Germanici
1035 775 1111 817 cum
1134 755 1279 817 Romam
1299 754 1498 818 afferrentur

303 894 519 936 communem
551 872 651 936 fuisse
683 874 818 954 civium,
852 875 1119 956 magistratuum,
1152 883 1346 937 senatorum
1371 873 1499 937 luctum

304 994 476 1077 praeclare
507 994 646 1057 Tacitus
678 995 831 1076 exponit,
863 996 896 1057 in
928 1003 1091 1077 tantaque
1123 995 1273 1058 omnium
1307 995 1500 1057 mortalium

303 1114 440 1176 tristitia
472 1113 563 1195 vulgi
595 1113 695 1176 luisse
726 1132 909 1175 conversos
933 1112 1049 1176 oculos
1073 1114 1116 1176 ad
1141 1113 1333 1177 Germanici
1358 1134 1500 1176 uxorem

304 1234 507 1315 liberosque,
528 1235 571 1296 ad
593 1232 771 1296 Claudium
792 1231 942 1296 defuncti
963 1231 1099 1295 fratrem
1121 1253 1329 1315 germanum,
1350 1233 1394 1295 ad
1416 1232 1502 1294 Dru·

304 1374 378 1416 sum
410 1353 547 1416 fratrem
580 1354 791 1435 adoptivum,
824 1372 968 1433 quorum
1000 1353 1097 1416 dolor
1129 1352 1295 1435 fletusque
1324 1362 1397 1415 erat
1421 1373 1500 1416 con-

303 1475 449 1558 spicuus.
475 1475 512 1536 ln
537 1475 659 1537 eodem
685 1475 797 1556 capite
820 1483 856 1536 et
879 1473 963 1536 haec
987 1473 1161 1556 leguntur:

350 1595 496 1657 Matrem
520 1594 708 1657 Antoniam
734 1614 802 1656 non
827 1594 918 1675 apud
942 1595 1124 1676 scriptores
1147 1614 1269 1668 rerum,
1290 1614 1358 1656 non
1380 1594 1500 1656 diurna

304 1725 457 1780 actorum
480 1716 646 1798 scriptura
670 1715 802 1796 reperio
826 1713 894 1777 ullo
918 1714 1039 1796 insigni
1063 1714 1174 1776 officio
1199 1712 1360 1776 functam.

350 1836 516 1898 Dicebam
553 1833 720 1908 Tacitum,
756 1853 942 1915 omnesque
977 1834 1087 1896 bonos
1122 1833 1300 1896 historicos
1332 1833 1500 1914 antiquos,

306 1956 397 2018 idem
415 1957 497 2038 scre
515 1963 688 2037 spectasse
708 1955 801 2035 quod
822 1953 1015 2028 hodiernos,
1037 1954 1160 2016 eodem
1177 1954 1375 2028 tetendisse,
1388 1953 1500 2016 eidem

306 2076 354 2138 rei
386 2074 519 2137 dedisse
551 2093 701 2156 operam.
731 2074 779 2138 Ut
804 2073 885 2154 quid
910 2072 991 2135 olim
1015 2081 1148 2155 gestum
1172 2074 1215 2135 sit
1240 2093 1342 2154 quam
1368 2093 1502 2135 accura-

305 2195 433 2258 tissime
456 2195 652 2268 doceantur,
677 2213 780 2275 quam
804 2194 933 2275 optime
958 2193 1165 2275 perspiciant
1190 2193 1326 2275 posteri,
1352 2192 1417 2255 hoc
1437 2192 1501 2254 sibi

306 2313 435 2376 habent
459 2314 671 2395 propositum
696 2314 840 2394 utrique.
866 2312 914 2375 At
938 2312 993 2375 hic
1017 2312 1232 2394 agnoscimus
1255 2312 1383 2394 aliquid
1409 2313 1501 2393 quod

306 2434 454 2516 antiquis
473 2432 641 2495 historicis
662 2453 765 2514 quam
786 2433 932 2495 maxime
954 2434 1047 2496 cordi
1068 2434 1121 2507 sit,
1135 2453 1212 2495 cum
1226 2432 1381 2496 hodierni
1395 2432 1502 2495 multo

307 2554 430 2616 rectius
460 2553 611 2616 sentiunt
643 2551 724 2615 illud
756 2572 776 2614 a
807 2573 842 2614 se
873 2553 946 2615 sine
977 2553 1045 2616 ullo
1077 2553 1189 2635 operis
1219 2554 1268 2615 sui
1293 2553 1501 2615 detrimento

307 2674 417 2737 omitti
451 2672 645 2755 negligique
676 2692 785 2754 posse.
818 2672 1009 2735 Historicus
1036 2672 1229 2747 hodiernus,
1254 2674 1281 2734 si
1306 2693 1388 2755 pure
1411 2683 1501 2735 terse

308 2794 485 2878 perspicue
516 2792 642 2866 scribit,
674 2792 701 2853 si
733 2811 785 2854 res
816 2801 896 2874 apte
923 2792 1084 2875 disponit,
1109 2793 1135 2854 si
1161 2793 1270 2856 oratio
1294 2794 1393 2856 rebus
1417 2814 1501 2874 quas

309 2921 422 2977 narrat
452 2920 504 2975 est
534 2912 803 2986 accommodata,
837 2911 928 2987 nihil,
962 2913 1054 2994 quod
1087 2913 1224 2995 quidem
1256 2914 1300 2976 ad
1325 2921 1501 2976 externam

308 3032 384 3096 libri
408 3033 556 3117 speciem
581 3031 739 3113 pertinet,
764 3029 851 3092 ultra
874 3033 1022 3112 quaerit:
1048 3033 1135 3109 iure;
1162 3041 1194 3096 et
1216 3042 1330 3116 potest
1350 3034 1397 3096 sic
1419 3054 1501 3115 quo·

308 3174 375 3236 que
398 3162 573 3234 tamquam
593 3149 715 3213 artifex
735 3151 874 3214 laudari.
895 3151 944 3214 At
964 3153 1123 3235 antiquus
1143 3153 1322 3216 historicus
1340 3190 1384 3199 —
1405 3162 1438 3216 et
1459 3155 1502 3216 de

309 3271 401 3335 nullo
425 3272 532 3353 magis
556 3270 637 3333 illud
659 3269 749 3333 valet
770 3290 871 3353 quarn
892 3272 935 3335 de
955 3271 1076 3336 Tacito
1096 3275 1170 3355 ipso
1190 3310 1235 3319 —
1255 3273 1376 3336 eodem
1398 3274 1501 3336 modo

308 3393 460 3477 legentes
483 3393 616 3455 afficere
640 3392 765 3466 studet,
790 3413 858 3474 quo
883 3393 940 3474 qui
964 3413 1053 3456 nunc
1074 3393 1187 3456 fictam
1209 3403 1321 3457 narrat
1342 3393 1500 3469 fabulam,

309 3534 410 3597 quam
447 3513 698 3576 Romanensem
731 3532 891 3575 vocamus
900 3539 908 3588 ;
941 3533 1018 3576 cum
1048 3514 1167 3596 tragici
1199 3522 1271 3578 arte
1302 3514 1389 3577 illius
1420 3524 1501 3598 apte

308 3643 421 3720 potest
441 3633 585 3697 conferri
605 3633 765 3696 studium.
788 3632 832 3694 Et
845 3634 1134 3713 quemadmodum
1148 3635 1181 3696 in
1195 3635 1314 3716 quavis
1325 3635 1501 3716 tragoedia

309 3764 421 3819 certae
442 3762 520 3817 sunt
541 3773 716 3835 personae,
737 3753 860 3833 quibus
877 3762 991 3835 partes
1003 3756 1171 3835 quaedam
1183 3764 1261 3817 sunt
1275 3755 1500 3830 mandandae,

308 3875 400 3938 etin
424 3872 538 3937 sabula
563 3872 770 3936 Romanensi
794 3872 877 3934 certi
901 3874 1040 3954 quidam
1061 3894 1171 3937 rerum
1191 3883 1362 3956 gestarum
1384 3888 1501 3948 nexus,

309 4013 526 4075 nexuumque
550 3992 683 4055 illorum
707 3991 903 4066 solutiones,
928 3993 1050 4075 quibus
1073 4013 1173 4075 aegre
1197 4002 1310 4056 careat
1331 3994 1388 4075 qui
1410 3992 1500 4055 illam

309 4113 489 4195 pervolvit,
513 4113 560 4175 sic
584 4113 743 4194 antiquus
768 4111 957 4174 Historicus
981 4131 1099 4175 omnes
1123 4121 1222 4175 notos
1246 4113 1349 4175 habet
1373 4111 1503 4175 loculos

309 4234 399 4296 unde
432 4241 526 4315 petat
557 4252 598 4293 ea
626 4231 749 4312 quibus
779 4230 931 4312 legentes
954 4231 1100 4294 delectet
1126 4230 1180 4293 vel
1203 4241 1367 4295 terrorem
1391 4231 1430 4294 iis
1454 4232 1503 4294 in·

309 4352 425 4427 cutiat,
457 4350 510 4413 vel
543 4358 679 4413 moveat
711 4349 986 4412 misericordiam.
1020 4351 1119 4414 Nunc
1150 4352 1177 4413 si
1207 4351 1261 4414 cui
1284 4352 1318 4414 in
1342 4350 1502 4413 historiae
