3210 5274
774 361 833 427 153

246 522 342 587 Saxa
361 535 393 587 et
410 524 630 589 solitudinem.
651 527 704 589 De
725 526 841 609 Gyaro
862 528 915 591 vel
937 529 1149 603 Pandateria,
1170 528 1279 593 aliave
1292 529 1399 592 insula

201 643 235 705 in
261 664 364 724 quam
389 644 500 706 miseri
522 643 639 708 exules
663 645 882 722 eiciebantur‚
907 667 1098 711 sermonem
1123 668 1195 711 esse
1216 656 1324 731 putes.
1347 649 1399 711 De

200 761 342 846 Capreis
365 766 486 846 agitur,
512 766 635 848 quibus
659 767 786 830 nullum
812 768 1042 832 amoeniorem
1067 789 1140 832 esse
1159 768 1272 831 locum
1292 769 1400 851 probe

200 884 332 947 sciebat
356 884 506 948 Tacitus,
533 885 588 951 Sic
612 888 702 950 enim
727 888 798 951 eius
822 888 924 951 situm
949 888 1111 951 describit
1133 887 1194 963 IV,
1219 888 1279 970 67:

251 1003 363 1083 ,Caeli
396 1006 579 1088 temperies
610 1006 721 1069 hieme
754 1007 845 1070 mitis
877 1007 1014 1070 obiectu
1047 1008 1182 1082 montis,
1207 1027 1275 1088 quo
1299 1027 1400 1070 saeva

201 1132 382 1187 ventorum
407 1134 581 1202 arcentur;
602 1134 714 1189 aestas
734 1127 768 1188 in
789 1125 961 1189 favonium
982 1126 1127 1189 obversa
1147 1133 1182 1188 et
1200 1134 1320 1209 aperto
1338 1127 1400 1189 cir·

202 1265 280 1308 curn
301 1245 424 1327 pelago
441 1265 665 1327 peramoena;
680 1246 990 1328 prospectabatque
1003 1245 1265 1328 pulcherrimum
1278 1246 1398 1321 sinum,

203 1373 389 1446 antequam
414 1365 584 1427 Vesuvius
609 1385 706 1428 mons
729 1366 910 1429 ardescens
933 1365 1055 1428 faciem
1078 1365 1143 1428 loci
1168 1364 1348 1428 verteret.’'

250 1483 363 1567 Quare
396 1505 477 1567 ergo
508 1486 562 1549 bic
594 1486 637 1549 de
669 1486 808 1569 Capreis
838 1488 885 1550 ita
909 1486 1059 1570 loquitur
1082 1497 1257 1569 tamquam
1282 1487 1308 1549 si
1334 1488 1400 1550 iam

203 1613 277 1668 tum
305 1604 427 1684 „iacies
451 1605 515 1668 loci
541 1625 638 1669 versa
662 1605 786 1669 esset”l
811 1606 948 1672 Scilicet
972 1615 1010 1670 ut
1029 1606 1167 1669 Tiberio
1192 1605 1401 1687 „secretum”

201 1727 391 1808 assignaret
426 1735 584 1802 taetrum,
620 1747 788 1810 asperum,
824 1727 1041 1802 horrendum,
1079 1748 1122 1790 ne
1156 1728 1231 1810 ipso
1260 1727 1400 1809 quidem

205 1847 405 1910 Domitiano
433 1848 620 1929 indignum.
645 1847 825 1930 Additque
849 1848 936 1910 hanc
960 1868 1096 1911 causam
1121 1868 1179 1910 cur
1202 1848 1401 1910 inamoenos

203 1967 278 2031 illos
303 1969 480 2051 repetierit
503 1968 597 2032 locos
621 1968 792 2032 Tiberius:

252 2089 401 2170 „pudore
425 2088 590 2152 scelerum
615 2099 650 2152 et
673 2066 885 2153 libidinum.’⁵

205 2209 335 2272 Verum
359 2209 386 2270 si
402 2211 598 2292 ¹quidquam
624 2212 666 2274 de
691 2211 851 2273 inauditis
874 2210 1001 2274 Tiberii
1026 2209 1116 2273 senis
1139 2209 1308 2272 credimus
1327 2207 1401 2270 libi·

207 2330 345 2394 dinibus
364 2368 407 2376 —
429 2350 508 2394 narn
529 2331 610 2394 mihi
633 2332 675 2394 de
698 2331 802 2395 nihilo
823 2331 922 2395 fictae
943 2352 1003 2395 eae
1025 2332 1245 2394 videntur-
1266 2330 1403 2394 minime

207 2458 245 2512 ut
268 2449 343 2513 illas
367 2450 595 2514 absconderet
619 2451 714 2514 dedit
738 2471 888 2532 operam.
914 2450 1069 2513 Etenim:

255 2571 460 2653 „praepositi
484 2571 583 2645 servi,
605 2571 662 2653 qui
683 2570 825 2654 (prolem
846 2570 1040 2654 ingenuam)
1060 2569 1310 2650 conquirerent,
1324 2580 1403 2652 per·

204 2689 389 2764 traherent,
422 2691 513 2753 dona
546 2690 580 2753 in
612 2699 800 2773 promptos,
830 2691 937 2753 minos
960 2690 1121 2753 adversus
1145 2688 1343 2764 abnuentes,
1369 2698 1404 2752 et

202 2809 229 2871 si
256 2809 443 2872 retinerent
472 2811 685 2894 propinquus
708 2817 766 2873 aut
792 2830 924 2893 parens,
949 2810 1028 2884 vim,
1053 2817 1169 2892 raptus
1188 2829 1316 2892 suaque
1337 2809 1401 2891 ipsi

203 2928 301 2993 libita
325 2928 418 2992 velut
442 2930 475 2991 in
501 2938 621 3012 captos
644 2928 885 2992 exercebant.”

250 3050 304 3112 De
335 3049 508 3132 praeclara
539 3048 667 3112 Tiberii
700 3049 853 3131 epistola,
878 3069 946 3130 qua
969 3048 1115 3130 Togonii
1140 3046 1227 3111 Galli
1252 3047 1402 3110 abiectas

205 3171 335 3251 respuit
367 3168 591 3243 adulationes,
624 3169 691 3231 iam
723 3169 869 3231 vidimus
893 3177 927 3230 et
951 3168 1126 3249 quomodo
1150 3167 1241 3230 illam
1265 3187 1402 3285 quoqpe

207 3288 240 3350 in
272 3290 369 3370 peius
400 3289 598 3352 detorsisset
629 3289 768 3351 Tacitus
799 3288 1064 3351 observavimus.
1095 3288 1210 3352 Unum
1234 3287 1343 3350 addo:
1368 3287 1402 3349 in

208 3408 275 3471 fine
299 3409 452 3472 eiusdem
477 3410 597 3491 capitis
622 3409 694 3492 (VI,
722 3409 752 3490 2)
777 3408 861 3471 haec
885 3408 1045 3489 legimus:

255 3527 371 3608 „Haec
405 3528 568 3591 adversus
602 3527 795 3610 Togonium
831 3527 943 3590 verbis
975 3526 1164 3599 moderans,
1196 3544 1283 3587 neve
1314 3524 1402 3587 ultra

203 3647 429 3713 abolitionem
459 3649 649 3710 sententiae
681 3646 873 3710 suaderet.”
898 3646 988 3729 Ergo
1013 3647 1046 3708 in
1071 3652 1147 3708 acta
1171 3643 1284 3707 reierri
1308 3643 1400 3707 illam

204 3768 410 3831 sententiam
442 3767 598 3830 Tiberius
629 3767 747 3829 vetuit.
782 3766 883 3830 Haud
917 3766 1035 3829 iniuria
1068 3785 1156 3827 nunc
1188 3765 1246 3846 qui
1278 3763 1400 3827 Tacito

203 3886 418 3950 innotescere
439 3887 588 3969 potuerit
608 3906 776 3968 rogamus.
797 3885 864 3951 Sed
886 3886 950 3948 hoc
970 3886 1086 3961 mitto;
1101 3885 1143 3947 ad
1157 3883 1258 3946 aliam
1270 3883 1398 3947 Tiberii

203 4016 341 4071 transeo
361 4006 552 4088 epistolam,
573 4025 641 4069 non
662 4006 773 4069 minus
793 4006 974 4088 egregiam.
989 4005 1050 4080 VI,
1066 4019 1094 4085 5.
1109 4005 1147 4067 In
1161 4003 1298 4068 Cottam
1312 4005 1400 4067 Mes·

203 4126 349 4190 salinum
371 4145 471 4188 omne
492 4126 670 4189 criminum
688 4124 856 4207 profertur
868 4145 983 4208 genus,
998 4125 1100 4187 etiam
1115 4124 1207 4187 dicta
1219 4125 1299 4198 eius,
1314 4144 1401 4205 quae

207 4246 294 4308 inter
315 4243 437 4327 pocula
454 4252 678 4327 prompserat,
692 4253 893 4325 arguuntur;
908 4244 941 4306 in
955 4244 1019 4306 hoc
1033 4242 1182 4326 periculo
1196 4263 1272 4306 reus
1283 4243 1327 4306 ad
1341 4243 1401 4306 irn-

206 4373 400 4447 peratorem
425 4372 600 4445 provocat.
624 4361 690 4445 Qui
715 4363 900 4445 prudenter
920 4364 1174 4444 moderateque,
1195 4369 1232 4424 ut
1250 4361 1399 4426 solebat:
