3210 5274
734 365 753 431 7

141 530 312 587 vetustate
343 533 520 606 suspectas
551 546 571 588 a
602 546 638 588 se
670 539 806 610 emptas,
839 547 927 591 nunc
960 528 1024 590 sibi
1051 546 1128 589 cum
1152 525 1342 590 architectis

140 642 400 706 deliberandum
424 652 462 707 ut
485 663 601 707 earum
625 646 709 709 vitia
733 655 922 710 monstrare
948 646 1055 729 possit
1077 644 1311 709 venditoribus.

184 761 346 826 Potestne
382 763 570 845 quidquam
606 764 741 827 stultius
777 763 985 846 excogitari?
1018 763 1184 837 Suaviter,
1217 761 1340 837 hercle,

139 881 249 944 rideat
268 882 295 943 si
317 882 393 964 quis
413 883 447 944 in
469 883 609 964 praedio
630 884 812 948 vendendo
833 893 1024 967 emptorem
1046 883 1248 956 emunxerit,
1263 901 1340 943 cum

140 998 196 1063 ille
210 1011 326 1083 postea
347 1001 411 1063 sibi
432 1001 646 1066 demonstret
666 1024 754 1085 quae
775 1004 842 1067 sint
863 1005 934 1067 eius
954 1003 1046 1066 vitia.
1069 1001 1118 1064 At
1138 1002 1230 1083 quod
1250 1000 1340 1082 apud

142 1120 301 1183 Tacitum
322 1119 416 1184 Otho
435 1120 581 1196 simulat,
595 1143 714 1186 revera
726 1124 956 1205 unusquisque
970 1120 1211 1205 paterfamilias
1224 1127 1343 1183 cautus

145 1239 361 1321 prudensque
382 1238 493 1303 facere
513 1240 617 1305 solet:
638 1243 756 1324 quanti
776 1262 889 1305 emere
912 1241 995 1305 velit
1008 1261 1075 1304 non
1089 1241 1180 1323 prius
1193 1239 1343 1302 declarat

145 1378 248 1439 quam
280 1379 301 1421 a
333 1360 450 1441 peritis
481 1360 676 1423 hominibus
707 1363 906 1443 cognoverit
936 1381 1023 1443 quae
1056 1360 1120 1423 sibi
1143 1360 1187 1422 sit
1211 1359 1245 1421 in
1269 1357 1342 1421 refi-

145 1477 268 1540 ciendo
292 1479 448 1560 impensa
470 1478 636 1543 facienda.

191 1595 236 1657 Et
268 1597 358 1659 unde
391 1605 489 1660 natus
522 1607 574 1660 est
605 1598 762 1661 immanis
789 1598 844 1661 ille
867 1598 1037 1662 Plutarchi
1062 1594 1174 1661 error?
1200 1596 1268 1658 Res
1293 1603 1344 1658 est

144 1714 353 1777 incredibilis
384 1723 419 1777 et
451 1724 566 1779 tamen
598 1736 696 1780 vera:
722 1737 790 1780 non
814 1717 922 1780 solum
947 1718 1029 1799 quid
1054 1718 1233 1779 interesset
1257 1714 1345 1776 inter

143 1835 382 1918 redemptorem
404 1843 439 1898 et
458 1848 637 1919 emptorem
659 1837 843 1912 nesciebat,
865 1839 926 1900 sed
947 1838 1049 1900 etiam
1070 1837 1198 1900 emendi
1207 1832 1344 1897 venden-

143 1954 241 2037 dique
264 1955 369 2018 verba
394 1956 518 2018 Latina
543 1957 631 2020 inter
654 1977 690 2020 se
715 1956 879 2020 confudit.

191 2074 316 2137 Nescio
352 2083 467 2137 tamen
501 2095 545 2137 an
577 2075 643 2138 hoc
675 2076 844 2159 exemplo,
877 2076 1032 2158 quamvis
1064 2075 1205 2138 evidens
1236 2074 1280 2136 sit
1311 2080 1345 2135 et

147 2192 375 2267 manifestum,
408 2192 562 2269 alterum,
595 2196 688 2276 quod
721 2196 788 2258 iarn
817 2216 891 2258 sum
920 2195 1121 2278 prolaturuS,
1147 2194 1180 2255 in
1205 2191 1346 2254 clariore

147 2314 250 2376 etiam
283 2321 392 2376 totam
421 2333 492 2377 rem
518 2324 624 2397 ponat
647 2314 732 2378 luce.
757 2317 797 2379 In
821 2335 862 2378 eo
887 2324 1001 2378 autem
1026 2315 1196 2388 idoneam,
1221 2321 1258 2375 ut
1281 2331 1346 2392 ego

150 2453 284 2508 censeo,
309 2433 354 2495 ob
378 2453 514 2497 causam
540 2434 641 2516 paulo
666 2436 791 2498 diutius
819 2436 1010 2498 subsistam.

194 2552 388 2635 Quondam,
416 2554 498 2617 dum
523 2553 617 2618 Otho
641 2575 717 2617 cum
742 2556 868 2630 amicis,
894 2555 993 2618 lautis
1017 2552 1240 2626 senatoribus
1264 2570 1345 2633 epu·

148 2671 293 2748 labatur,
316 2672 429 2753 gravis
452 2680 546 2736 ortus
570 2681 622 2736 est
635 2674 934 2756 praetorianorum
955 2673 1128 2746 tumultus,
1149 2671 1244 2734 cuius
1261 2669 1345 2733 haec

149 2811 251 2855 causa
269 2801 359 2855 erat:
379 2792 557 2855 cohortem
572 2792 744 2875 quandam
758 2792 851 2856 Otho
864 2791 961 2856 Ostia
975 2793 1194 2856 arcessiverat
1206 2791 1346 2870 eiusque

149 2911 334 2973 armandae
369 2930 485 2974 curam
520 2911 676 2993 Crispino
708 2911 840 2976 tribuno
864 2913 1160 2995 praetorianorum
1195 2908 1345 2972 mandat.

150 3031 183 3093 ls
207 3031 319 3093 omnis
342 3031 502 3093 vitandae
539 3051 653 3094 morae
678 3051 788 3107 causa,
814 3040 915 3094 nocte
941 3031 1114 3113 negotium
1134 3029 1344 3111 exsequitur:

150 3151 222 3213 otio
246 3151 337 3213 enim
362 3158 398 3212 et
421 3151 533 3232 spatio
556 3170 642 3233 opus
662 3151 693 3212 ei
714 3159 775 3213 est.
797 3151 847 3215 At
867 3152 926 3213 vix
944 3158 1064 3233 aperto
1085 3149 1346 3213 armamentario

150 3269 358 3352 conspicitur
389 3269 433 3332 ab
464 3290 533 3333 uno
563 3269 739 3351 alteroque
772 3270 888 3345 milite,
921 3271 978 3352 qui
1007 3271 1091 3333 ebrii
1116 3271 1149 3332 in
1174 3269 1347 3352 principiis

151 3387 360 3452 discurrunt:
397 3388 431 3451 hi
467 3397 600 3452 ceteros
635 3396 837 3464 convocant,
873 3408 1017 3471 quorum
1050 3388 1104 3452 alii
1136 3389 1237 3451 armis
1268 3388 1347 3450 visis

151 3508 266 3571 caedis
293 3527 495 3590 pugnaeque
519 3507 604 3570 fiunt
628 3507 730 3581 avidi,
754 3507 810 3569 alii
835 3508 1065 3590 proditionem
1090 3508 1285 3581 odorantur,
1310 3506 1348 3569 fit

151 3647 265 3690 rumor
299 3628 462 3691 adversus
492 3625 667 3691 Othonem
698 3627 820 3689 armari
851 3636 1046 3691 senatorum
1079 3626 1236 3690 familias:
1269 3627 1347 3707 equi

151 3747 436 3821 conscenduntur,
468 3747 512 3809 ad
541 3745 706 3808 Palatium
730 3746 919 3810 advolatur.
945 3745 1138 3820 Senatores,
1162 3747 1219 3828 qui
1244 3746 1347 3809 etiam

150 3865 242 3948 apud
267 3863 443 3929 Othonem
467 3864 696 3937 discumbunt,
721 3864 779 3926 vix
802 3866 979 3928 saevitiam
1005 3865 1150 3928 militum
1174 3866 1348 3947 effugiunt.

152 3986 319 4049 Postridie
344 3985 437 4049 Otho
461 3985 495 4047 in
515 3996 629 4049 castra
650 3984 743 4047 venit
757 3987 935 4067 praetoria
957 3994 991 4048 et
1007 3987 1242 4068 praetorianos
1263 3985 1350 4047 male

152 4105 196 4167 de
230 4106 305 4187 ipso
340 4102 503 4167 sollicitos
538 4104 692 4182 oratione
728 4103 861 4186 mitigat
896 4105 961 4186 (res
992 4105 1115 4187 legitur
1146 4106 1237 4188 apud
1268 4105 1350 4169 Tac.

153 4221 243 4285 Hist.
268 4222 294 4297 I,
320 4223 363 4285 80
385 4222 484 4304 sqq).

200 4339 284 4423 Quis
319 4340 411 4404 hisce
446 4341 570 4405 auditis
606 4360 673 4404 non
709 4340 868 4423 intelligit
904 4343 1011 4408 nullas
1041 4345 1075 4407 in
1107 4344 1172 4407 hoc
1204 4344 1352 4408 tumultu
