3210 5274
723 372 758 438 Ι5

137 554 218 598 suae
239 532 353 615 aliqua
373 542 470 616 parte
490 535 534 598 de
555 534 670 599 sunere
692 536 839 599 hominis
859 538 1080 600 vehementer
1101 537 1215 601 defleti
1235 548 1338 622 atque

138 654 322 718 desiderati
347 663 399 718 est
421 656 605 737 agendum,
630 676 760 738 parum,
786 666 822 718 ut
847 657 978 739 opinor,
999 667 1095 720 curat
1115 659 1197 740 quid
1217 661 1338 742 singuli

138 775 211 837 eius
245 774 382 855 cognati
418 774 605 857 affinesque
641 775 782 839 fecerint
818 777 1047 859 dixerintque,
1082 788 1116 840 et
1149 800 1190 841 ne
1223 781 1339 842 matris

140 895 279 976 quidem
311 914 399 976 quae
431 893 555 957 suerint
586 893 736 957 lamenta
767 904 974 978 questusque
1005 897 1105 959 anxie
1130 899 1163 959 in
1188 896 1339 960 sontibus
1407 975 1412 985 Ι

138 1015 207 1076 suis
231 1021 388 1096 quaeret;
413 1013 440 1075 si
467 1012 548 1075 nihil
572 1013 738 1075 eiusmodi
762 1013 940 1089 invenerit,
963 1013 1036 1076 sine
1060 1014 1128 1077 ullo
1152 1015 1227 1079 libri
1253 1019 1339 1099 peri·

139 1130 216 1196 culo
251 1133 294 1194 de
330 1131 395 1194 illis
431 1132 535 1194 taceri
571 1152 671 1214 posse
706 1133 736 1194 ei
772 1133 835 1195 erit
872 1152 1078 1214 persuasum.
1115 1133 1165 1197 At
1199 1135 1338 1200 Tacitus

140 1250 300 1332 aequales
331 1271 410 1315 suos
435 1259 659 1333 posterosque
684 1253 953 1315 commovendos
977 1273 1049 1315 esse
1075 1263 1200 1329 censet,
1226 1256 1339 1337 idque,

140 1371 167 1432 si
199 1369 270 1432 fieri
304 1379 427 1453 potest,
461 1371 698 1447 vehementer;
731 1392 800 1435 non
832 1392 912 1454 ergo
945 1373 1090 1436 libenter
1114 1375 1168 1437 hic
1192 1376 1339 1458 aliquam

140 1489 354 1553 lacrimarum
388 1491 743 1574 querimoniarumque
768 1490 848 1555 facit
873 1492 1054 1569 iacturam;
1080 1495 1123 1556 de
1148 1494 1340 1558 Germanici

142 1618 250 1672 matre
274 1610 339 1673 sibi
364 1631 437 1673 esse
460 1611 644 1674 tacendum
669 1631 746 1674 cum
773 1631 898 1693 magno
922 1614 1076 1694 agnoscit
1101 1614 1228 1676 dolore.

187 1728 305 1812 Atque
330 1730 414 1794 haec
439 1731 578 1813 quidem
603 1732 692 1794 inter
715 1751 823 1794 novos
847 1740 1048 1812 veteresque
1072 1732 1250 1795 historicos
1275 1735 1340 1797 dis-

139 1850 315 1931 crepantia
338 1871 407 1913 non
430 1852 547 1914 statim
567 1851 618 1914 his
639 1852 722 1914 vitio
743 1852 857 1914 danda
877 1860 945 1926 est;
966 1861 1001 1914 at
1021 1853 1108 1934 parit
1130 1853 1211 1916 vitia
1230 1873 1339 1936 eaque

140 1989 243 2052 saepe
276 1969 463 2032 admodum
495 1972 621 2052 gravia.
654 1969 720 2052 Qui
754 1972 844 2033 enim
870 1990 1074 2053 quocunque
1099 1973 1202 2034 modo
1227 1972 1340 2055 legen·

140 2090 227 2152 tium
254 2090 387 2152 animos
410 2108 628 2152 commovere
651 2091 777 2164 studet,
803 2091 830 2152 is
855 2110 957 2172 saepe
982 2111 1092 2173 aequo
1117 2093 1265 2173 paratior
1289 2103 1340 2156 est

141 2208 184 2271 ad
208 2228 280 2271 rem
304 2209 464 2291 aliquam,
488 2229 575 2291 quae
600 2210 676 2272 huic
701 2211 877 2292 proposito
902 2210 1073 2285 inserviat,
1099 2211 1339 2293 arripiendam.

144 2328 346 2391 Praesertim
377 2348 454 2391 cum
486 2329 614 2410 aliquid
639 2330 768 2392 invenit
795 2329 886 2410 quod
911 2330 955 2392 sit
978 2329 1099 2404 dirum,
1123 2329 1339 2404 horrendum,

144 2447 319 2523 nefarium,
345 2449 379 2511 id
403 2448 605 2530 quantocius
630 2449 662 2511 in
688 2469 784 2511 usum
804 2469 901 2511 suum
921 2449 1100 2524 convertit,
1122 2449 1212 2514 haud
1233 2453 1340 2533 inqui-

144 2588 221 2630 rens
240 2569 328 2631 sitne
348 2567 528 2631 verisimile
549 2576 584 2630 et
604 2568 811 2631 traditumne
827 2569 871 2633 sit
884 2589 904 2631 a
916 2569 1009 2632 bono
1021 2578 1170 2633 auctore.
1184 2570 1340 2634 Tacitum

144 2697 236 2750 certe
268 2688 359 2751 haud
390 2687 496 2751 semel
527 2688 656 2751 atrocia
687 2688 734 2750 ita
765 2698 958 2751 narrantem
990 2689 1278 2771 deprehendimus
1305 2699 1342 2754 ut

145 2829 213 2872 non
245 2807 381 2871 difficile
412 2809 455 2871 sit
480 2808 714 2871 demonstrare
747 2827 805 2869 cur
836 2806 893 2869 illa
924 2808 978 2871 vel
1010 2810 1150 2872 omnino
1179 2808 1248 2871 fieri
1273 2830 1341 2872 non

145 2928 318 3010 potuerint
350 2926 404 2991 vel
435 2936 528 2990 certe
561 2947 628 2990 non
660 2927 708 2988 sic
740 2933 777 2988 ut
807 2926 948 2989 tradidit
973 2927 1161 2990 historicus.
1187 2928 1265 2991 Non
1290 2937 1343 2991 est

144 3047 236 3111 aliud
269 3047 464 3129 exemplum
496 3046 668 3128 insignius,
702 3065 805 3127 quam
837 3045 930 3126 quod
954 3044 1046 3109 Ann.
1073 3047 1112 3109 L.
1138 3046 1223 3109 XIV
1247 3066 1296 3109 cc.
1324 3066 1341 3129 3

144 3186 220 3249 sqq.
252 3167 433 3240 invenitur,
466 3165 523 3228 ubi
555 3164 702 3238 Tacitus
735 3163 857 3245 quibus
883 3164 993 3226 modis
1017 3173 1161 3228 matrem
1186 3167 1343 3229 occidere

145 3295 289 3350 conatus
312 3287 356 3349 sit
380 3286 483 3360 Nero,
509 3294 632 3348 narrat.

191 3406 340 3469 Primum
361 3405 517 3468 audimus
537 3406 579 3467 de
599 3424 686 3467 nave
707 3404 755 3466 ita
775 3403 965 3486 composita
985 3412 1021 3465 ut
1041 3422 1119 3484 pars
1135 3403 1206 3466 eius
1218 3412 1342 3486 sponte

144 3525 231 3589 solvi
263 3533 395 3608 posset;
428 3525 476 3587 ita
500 3524 533 3586 in
559 3544 650 3586 mare
675 3521 868 3604 Agrippina
892 3522 1075 3584 decideret.
1102 3521 1238 3584 Novum
1262 3543 1342 3585 con-

145 3643 256 3707 silium
288 3645 348 3706 sed
382 3643 520 3706 minime
551 3641 767 3706 incredibile:
801 3641 935 3703 mentiri
967 3641 1057 3702 enim
1090 3640 1182 3703 Nero
1207 3649 1341 3723 poterat

147 3784 270 3826 navem
291 3764 324 3826 in
344 3762 523 3845 scopulum
543 3761 690 3844 aliquem
711 3761 876 3824 latentem
898 3760 1054 3823 incidisse
1075 3769 1109 3821 et
1128 3761 1175 3822 sic
1197 3781 1341 3824 mersam

146 3903 219 3946 esse
236 3881 268 3965 ¹).
289 3882 469 3946 Praeterea
487 3883 531 3945 ad
553 3902 628 3945 eam
649 3902 719 3945 rem
740 3902 802 3944 non
816 3880 897 3963 plus
915 3900 978 3942 uno
998 3887 1070 3941 erat
1091 3899 1177 3963 opus
1193 3881 1341 3944 conscio.

149 4002 262 4068 Unam
286 4010 420 4065 tantum
444 4001 529 4065 haec
553 4002 701 4065 narratio
727 3999 917 4064 molestiam
938 3998 1052 4074 habet,
1073 4001 1133 4062 sed
1155 4001 1241 4094 lranc
1261 4021 1343 4083 prae

186 4292 212 4358 ι)
231 4293 300 4356 Hoc,
325 4291 403 4341 etiam
428 4290 450 4339 si
469 4306 539 4341 mare
557 4290 649 4341 suisset
663 4286 871 4355 placidissimum
891 4293 993 4350 poterat
1013 4286 1089 4353 fingi3
1110 4287 1181 4352 quod
1200 4304 1245 4337 cur
1263 4296 1343 4352 neget

148 4379 286 4429 Fumeaux
304 4376 508 4444 bsodqoaquam
527 4377 657 4441 intelligo.
