3210 5274
743 361 804 425 106

221 541 351 622 „Ceteri
366 543 469 605 duces
482 543 514 604 iu
528 542 688 605 obscuro:
703 541 1037 606 Antoniumlortuna
1047 541 1208 624 famaque
1219 543 1359 605 omnium

172 663 278 726 oculis
298 672 513 745 exposuerat.
538 663 570 725 Is
591 664 743 727 balineas
762 662 932 726 abluendo
952 663 1086 744 corpori
1107 683 1256 745 propere
1275 664 1360 745 petit.

174 783 330 865 Excepta
354 803 423 845 vox
446 791 507 857 est,
533 802 611 845 curn
635 792 791 866 teporem
815 783 995 855 incusaret,
1018 781 1134 844 statim
1160 781 1311 845 futurum
1335 792 1362 844 ut

171 901 432 965 incalescerent:
458 903 585 965 vernile
610 904 740 966 dictum
766 923 902 965 omnem
927 902 1090 965 invidiam
1112 903 1147 965 in
1169 923 1249 966 eum
1272 904 1362 966 vertit

172 1029 349 1102 tamquam
373 1022 504 1102 signum
530 1022 765 1084 incendendae
789 1021 978 1085 Cremonae
1002 1020 1187 1084 dedisset’'.

226 1138 357 1202 Vernile
381 1160 448 1202 non
472 1140 771 1222 reprehensionem
796 1142 959 1215 continet,
986 1140 1068 1203 nihil
1088 1140 1182 1204 aliud
1202 1141 1363 1223 significat

174 1279 276 1341 quam
305 1260 392 1323 servi
418 1259 646 1343 (balneatoris)
673 1282 713 1324 ea
737 1261 842 1325 verba
866 1261 976 1324 luisse.
1000 1259 1056 1324 Ob
1080 1268 1240 1342 teporem
1264 1280 1363 1341 aquae

174 1378 347 1443 Antonius
366 1400 500 1443 servum
523 1380 616 1443 illum
637 1381 918 1464 reprehenderat;
938 1381 1161 1463 responderat
1176 1380 1248 1443 ille:
1272 1401 1363 1460 „mox

172 1498 388 1562 incalescet’'.
408 1500 582 1563 Antonius
602 1502 682 1582 quid
705 1501 846 1591 dixisset
860 1520 962 1563 nemo
973 1500 1114 1574 sciebat,
1128 1499 1190 1562 sed
1204 1500 1363 1572 homines,

174 1618 230 1700 qui
264 1639 370 1701 prope
402 1620 595 1695 adstabant,
627 1619 775 1701 aliquem
807 1620 962 1683 Antonio
987 1582 1255 1701 resplondentem
1278 1619 1364 1681 audi-

176 1748 293 1801 verant
322 1760 422 1819 „mox
446 1738 661 1812 incalescet’',
686 1739 764 1802 inde
789 1740 984 1802 coniectura
1009 1747 1088 1801 nata
1112 1747 1165 1801 est
1190 1740 1235 1801 de
1260 1740 1365 1802 incen-

175 1857 288 1921 denda
314 1859 395 1921 urbe
420 1861 509 1922 inter
533 1880 591 1921 eos
615 1859 715 1922 fuisse
739 1880 941 1923 sermonem.

221 1978 265 2041 H.
291 1979 351 2053 ΙΙΙ,
386 1999 437 2061 39.
474 1981 612 2058 „Blaeso
644 2001 744 2063 super
776 1980 965 2044 claritatem
990 1980 1154 2044 natalium
1178 1987 1214 2041 et
1239 1979 1366 2061 elegan-

174 2098 256 2160 tiam
291 2119 422 2162 morum
454 2099 532 2163 fidei
566 2101 751 2164 obstinatio
782 2099 862 2164 luit:
894 2100 1033 2181 integris
1064 2119 1204 2181 quoque
1229 2099 1366 2162 rebusa

175 2216 321 2281 Caecina
351 2228 385 2281 et
417 2220 620 2302 primoribus
645 2223 791 2304 partium
817 2221 883 2284 iam
910 2219 1085 2282 Vitellium
1108 2219 1366 2302 aspernantibus

173 2336 321 2399 ambitus
345 2339 494 2402 abnuere
519 2338 782 2423 perseveravit’'.

219 2455 367 2539 Integris
397 2480 520 2541 quoque
550 2461 647 2524 rebus
675 2461 696 2522 i.
718 2481 747 2523 e.
780 2461 976 2543 priusquam
1007 2478 1122 2541 pugna
1145 2457 1365 2522 Cremonensi

175 2576 321 2655 partium
355 2577 615 2642 Vitellianarum
640 2601 722 2662 opes
746 2580 873 2642 fractae
897 2587 1003 2641 erant.
1028 2575 1064 2641 Si
1089 2586 1167 2660 post
1191 2577 1285 2640 illam
1311 2599 1366 2661 pu-

174 2713 275 2774 gnam
299 2695 435 2759 Blaesus
454 2698 627 2761 abnuisset
656 2698 907 2762 Vitellianorum
920 2697 1086 2782 duxsteri,
1102 2716 1224 2779 parum
1239 2698 1366 2779 insigne

174 2816 323 2879 dedisset
348 2816 425 2880 fidei
447 2819 708 2883 documentumt
732 2830 805 2882 turn
828 2820 917 2882 enim
939 2817 1143 2882 Vitellianae
1165 2817 1243 2880 illae
1257 2827 1369 2901 partes

175 2935 296 2997 nullius
320 2937 386 2998 iam
410 2947 507 3000 erant
531 2940 641 3021 pretii,
667 2938 866 3021 illarumque
888 2939 958 3000 dux
978 2937 1049 3000 lieri
1070 2937 1181 3019 quivis
1195 2937 1370 3011 noluisset,

175 3077 241 3117 non
278 3055 345 3120 lide
380 3079 460 3139 erga
493 3057 668 3121 Vitellium
705 3060 827 3121 ductus
862 3059 922 3121 sed
955 3059 1055 3122 totius
1089 3057 1141 3120 rei
1174 3067 1369 3141 contemptu.

174 3177 269 3239 Haec
295 3179 408 3239 omnia
433 3177 588 3253 obserVO,
614 3180 693 3260 quia
718 3180 949 3260 interpretem,
975 3179 1032 3260 qui
1052 3176 1143 3239 solus
1165 3183 1266 3237 notus
1287 3176 1370 3238 mihi

174 3305 234 3370 est,
267 3298 518 3379 perversissime
550 3298 639 3361 hunc
671 3299 783 3362 locum
814 3299 968 3380 accipere
994 3297 1073 3360 vidi.
1099 3295 1253 3358 Ritterus
1278 3296 1371 3357 enim

174 3415 379 3479 Boetticheri
400 3416 487 3480 hanc
509 3419 631 3499 probat
651 3419 924 3480 annotationem:
948 3422 1091 3498 „spaten
1104 3414 1153 3477 als
1166 3414 1220 3477 die
1235 3413 1371 3496 Gegen·

175 3538 281 3617 partei
312 3537 418 3599 schon
450 3538 579 3618 gesiegt
610 3537 716 3611 hatte,
748 3558 815 3599 war
847 3537 957 3599 Treue
982 3536 1128 3617 weniger
1152 3533 1242 3596 hoch
1268 3554 1371 3597 anzu-

174 3657 331 3731 rechnen,
364 3659 408 3719 da
438 3677 477 3718 so
508 3663 621 3739 spater
652 3656 768 3719 Abfall
800 3658 910 3738 wenig
940 3676 1021 3719 vom
1052 3654 1169 3735 Sieger
1200 3661 1370 3715 erwarten

173 3775 281 3837 liess”.
315 3777 363 3839 At
395 3779 557 3840 invitatus
588 3777 697 3840 fuerat
722 3777 868 3852 Blaesus,
895 3797 963 3839 non
988 3785 1023 3838 ut
1047 3776 1091 3837 ad
1116 3773 1370 3854 Vespasianum

173 3896 331 3958 transiret
356 3898 432 3977 (hoc
457 3897 547 3959 enim
572 3897 747 3960 arnbeundr'
770 3897 875 3958 verbo
895 3894 1076 3978 significari
1098 3892 1227 3974 nequit)
1248 3893 1310 3955 sed
1333 3901 1372 3955 ut

173 4035 234 4096 pro
261 4015 401 4077 Vitellio
433 4017 507 4098 ipso
532 4017 601 4078 dux
626 4015 886 4078 Vitellianarum
911 4014 1006 4077 fieret
1030 4012 1188 4096 partium.
1223 4009 1301 4073 Hoc
1326 4011 1372 4073 ab

172 4155 213 4196 eo
235 4136 427 4216 petiverant
448 4134 593 4198 Caecina
614 4144 648 4196 et
669 4136 834 4217 primores
854 4135 1012 4215 partium,
1029 4133 1087 4214 qui
1110 4128 1289 4194 Vitellium
1303 4130 1371 4192 iam

172 4254 447 4334 aspernabantur,
474 4255 494 4315 i.
515 4275 544 4315 e.
571 4276 689 4335 parum
714 4255 853 4335 dignum
879 4254 1107 4334 idoneumque
1128 4250 1250 4313 ducem
1273 4256 1374 4331 puta·

173 4372 267 4434 bant.
285 4371 340 4434 Sic
358 4374 495 4435 demum
511 4372 686 4435 arnbenndr'
701 4374 842 4435 verbum
860 4392 921 4434 suo
938 4371 1000 4434 sibi
1017 4390 1116 4432 sensu
1130 4369 1282 4452 positum
1296 4368 1372 4432 erit.
