<?xml version="1.0" encoding="UTF-8"?>
<!DOCTYPE html PUBLIC "-//W3C//DTD XHTML 1.0 Transitional//EN"
    "http://www.w3.org/TR/xhtml1/DTD/xhtml1-transitional.dtd">
<html xmlns="http://www.w3.org/1999/xhtml" xml:lang="en" lang="en">
 <head>
  <title>
</title>
<meta http-equiv="Content-Type" content="text/html;charset=utf-8" />
  <meta name='ocr-system' content='tesseract 3.04.00' />
  <meta name='ocr-capabilities' content='ocr_page ocr_carea ocr_par ocr_line ocrx_word'/>
</head>
<body>
  <div class='ocr_page' id='page_1' title='image "./analectatacitea00hartgoog_0295.png"; bbox 0 0 3210 5274; ppageno 0'>
   <div class='ocr_carea' id='block_1_1' title="bbox 896 383 961 460">
    <p class='ocr_par' dir='ltr' id='par_1_1' title="bbox 896 383 961 460">
     <span class='ocr_line' id='line_1_1' title="bbox 896 383 961 460; baseline 0 -18"><span class='ocrx_word' id='word_1_1' title='bbox 896 383 961 460; x_wconf 89' lang='lat'>284</span> 
     </span>
    </p>
   </div>
   <div class='ocr_carea' id='block_1_2' title="bbox 329 558 1531 1242">
    <p class='ocr_par' dir='ltr' id='par_1_2' title="bbox 376 558 1394 644">
     <span class='ocr_line' id='line_1_2' title="bbox 376 558 1394 644; baseline 0.006 -25"><span class='ocrx_word' id='word_1_2' title='bbox 376 558 420 620; x_wconf 90' lang='lat' dir='ltr'>H.</span> <span class='ocrx_word' id='word_1_3' title='bbox 448 558 507 632; x_wconf 91' lang='lat' dir='ltr'>III,</span> <span class='ocrx_word' id='word_1_4' title='bbox 534 558 586 638; x_wconf 91' lang='lat'>84.</span> <span class='ocrx_word' id='word_1_5' title='bbox 613 558 737 621; x_wconf 89' lang='lat' dir='ltr'>Misera</span> <span class='ocrx_word' id='word_1_6' title='bbox 762 559 890 622; x_wconf 92' lang='lat' dir='ltr'>Vitellii</span> <span class='ocrx_word' id='word_1_7' title='bbox 916 560 995 643; x_wconf 83' lang='lat' dir='ltr'>fuga</span> <span class='ocrx_word' id='word_1_8' title='bbox 1019 562 1154 643; x_wconf 83' lang='lat' dir='ltr'>egregie</span> <span class='ocrx_word' id='word_1_9' title='bbox 1178 562 1394 644; x_wconf 86' lang='lat' dir='ltr'>depingitur:</span> 
     </span>
    </p>

    <p class='ocr_par' dir='ltr' id='par_1_3' title="bbox 329 676 1531 1242">
     <span class='ocr_line' id='line_1_3' title="bbox 378 676 1528 762; baseline 0.004 -22"><span class='ocrx_word' id='word_1_10' title='bbox 378 676 556 757; x_wconf 82' lang='lat' dir='ltr'>,Vitellius</span> <span class='ocrx_word' id='word_1_11' title='bbox 577 685 679 759; x_wconf 90' lang='lat' dir='ltr'>capta</span> <span class='ocrx_word' id='word_1_12' title='bbox 699 678 781 740; x_wconf 92' lang='lat' dir='ltr'>urbe</span> <span class='ocrx_word' id='word_1_13' title='bbox 802 699 864 761; x_wconf 90' lang='lat' dir='ltr'>per</span> <span class='ocrx_word' id='word_1_14' title='bbox 884 700 1036 742; x_wconf 88' lang='lat' dir='ltr'>aversam</span> <span class='ocrx_word' id='word_1_15' title='bbox 1058 679 1177 743; x_wconf 91' lang='lat' dir='ltr'>Palatii</span> <span class='ocrx_word' id='word_1_16' title='bbox 1193 689 1326 762; x_wconf 89' lang='lat' dir='ltr'>partem</span> <span class='ocrx_word' id='word_1_17' title='bbox 1340 683 1375 744; x_wconf 93' lang='lat' dir='ltr'>in</span> <span class='ocrx_word' id='word_1_18' title='bbox 1388 683 1528 745; x_wconf 90' lang='lat' dir='ltr'>domum</span> 
     </span>
     <span class='ocr_line' id='line_1_4' title="bbox 331 796 1531 876; baseline 0.003 -15"><span class='ocrx_word' id='word_1_19' title='bbox 331 799 446 861; x_wconf 88' lang='lat' dir='ltr'>uxoris</span> <span class='ocrx_word' id='word_1_20' title='bbox 478 796 595 860; x_wconf 90' lang='lat' dir='ltr'>sellula</span> <span class='ocrx_word' id='word_1_21' title='bbox 619 798 779 872; x_wconf 83' lang='lat' dir='ltr'>defertur,</span> <span class='ocrx_word' id='word_1_22' title='bbox 805 808 852 873; x_wconf 93' lang='lat' dir='ltr'>ut,</span> <span class='ocrx_word' id='word_1_23' title='bbox 877 799 903 860; x_wconf 93' lang='lat' dir='ltr'>si</span> <span class='ocrx_word' id='word_1_24' title='bbox 928 799 1019 861; x_wconf 88' lang='lat' dir='ltr'>diem</span> <span class='ocrx_word' id='word_1_25' title='bbox 1043 799 1174 862; x_wconf 91' lang='lat' dir='ltr'>latebra</span> <span class='ocrx_word' id='word_1_26' title='bbox 1198 799 1386 876; x_wconf 90' lang='lat' dir='ltr'>vitavisset,</span> <span class='ocrx_word' id='word_1_27' title='bbox 1414 800 1531 864; x_wconf 87' lang='lat' dir='ltr'>Tarra·</span> 
     </span>
     <span class='ocr_line' id='line_1_5' title="bbox 331 918 1531 1001; baseline 0.002 -20"><span class='ocrx_word' id='word_1_28' title='bbox 331 920 443 982; x_wconf 89' lang='lat' dir='ltr'>cinam</span> <span class='ocrx_word' id='word_1_29' title='bbox 477 920 520 981; x_wconf 91' lang='lat' dir='ltr'>ad</span> <span class='ocrx_word' id='word_1_30' title='bbox 558 919 716 980; x_wconf 90' lang='lat' dir='ltr'>cohortes</span> <span class='ocrx_word' id='word_1_31' title='bbox 751 918 940 1001; x_wconf 86' lang='lat' dir='ltr'>fratemquc</span> <span class='ocrx_word' id='word_1_32' title='bbox 976 919 1186 1001; x_wconf 80' lang='lat' dir='ltr'>perfugerct3</span> <span class='ocrx_word' id='word_1_33' title='bbox 1224 919 1304 982; x_wconf 91' lang='lat' dir='ltr'>dein</span> <span class='ocrx_word' id='word_1_34' title='bbox 1341 919 1531 983; x_wconf 87' lang='lat' dir='ltr'>mobilitate</span> 
     </span>
     <span class='ocr_line' id='line_1_6' title="bbox 329 1040 1531 1122; baseline 0.002 -21"><span class='ocrx_word' id='word_1_35' title='bbox 329 1040 469 1121; x_wconf 89' lang='lat' dir='ltr'>ingenii,</span> <span class='ocrx_word' id='word_1_36' title='bbox 506 1048 540 1101; x_wconf 90' lang='lat' dir='ltr'>et</span> <span class='ocrx_word' id='word_1_37' title='bbox 577 1059 664 1120; x_wconf 93' lang='lat' dir='ltr'>quae</span> <span class='ocrx_word' id='word_1_38' title='bbox 697 1048 817 1102; x_wconf 88' lang='lat' dir='ltr'>natura</span> <span class='ocrx_word' id='word_1_39' title='bbox 848 1041 984 1122; x_wconf 88' lang='lat' dir='ltr'>pavoris</span> <span class='ocrx_word' id='word_1_40' title='bbox 1014 1048 1077 1120; x_wconf 91' lang='lat' dir='ltr'>est,</span> <span class='ocrx_word' id='word_1_41' title='bbox 1108 1059 1186 1102; x_wconf 92' lang='lat' dir='ltr'>cum</span> <span class='ocrx_word' id='word_1_42' title='bbox 1218 1040 1335 1103; x_wconf 92' lang='lat' dir='ltr'>omnia</span> <span class='ocrx_word' id='word_1_43' title='bbox 1366 1042 1531 1104; x_wconf 88' lang='lat' dir='ltr'>metuenti</span> 
     </span>
     <span class='ocr_line' id='line_1_7' title="bbox 335 1158 1530 1242; baseline 0.002 -21"><span class='ocrx_word' id='word_1_44' title='bbox 335 1159 526 1242; x_wconf 90' lang='lat' dir='ltr'>praesentia</span> <span class='ocrx_word' id='word_1_45' title='bbox 547 1159 696 1221; x_wconf 87' lang='lat' dir='ltr'>maxime</span> <span class='ocrx_word' id='word_1_46' title='bbox 717 1158 946 1241; x_wconf 88' lang='lat' dir='ltr'>displicerent,</span> <span class='ocrx_word' id='word_1_47' title='bbox 967 1160 1000 1222; x_wconf 95' lang='lat' dir='ltr'>in</span> <span class='ocrx_word' id='word_1_48' title='bbox 1014 1158 1181 1222; x_wconf 92' lang='lat' dir='ltr'>Palatium</span> <span class='ocrx_word' id='word_1_49' title='bbox 1194 1161 1385 1242; x_wconf 84' lang='lat' dir='ltr'>regreditur</span> <span class='ocrx_word' id='word_1_50' title='bbox 1399 1169 1530 1223; x_wconf 89' lang='lat' dir='ltr'>vastum</span> 
     </span>
    </p>
   </div>
   <div class='ocr_carea' id='block_1_3' title="bbox 330 1397 1531 2317">
    <p class='ocr_par' dir='ltr' id='par_1_4' title="bbox 330 1397 1530 1592">
     <span class='ocr_line' id='line_1_8' title="bbox 331 1397 1530 1482; baseline 0.001 -21"><span class='ocrx_word' id='word_1_51' title='bbox 331 1399 402 1461; x_wconf 90' lang='lat' dir='ltr'>eius</span> <span class='ocrx_word' id='word_1_52' title='bbox 426 1399 687 1462; x_wconf 87' lang='lat' dir='ltr'>declinantibus.</span> <span class='ocrx_word' id='word_1_53' title='bbox 713 1398 833 1460; x_wconf 90' lang='lat' dir='ltr'>Terret</span> <span class='ocrx_word' id='word_1_54' title='bbox 857 1398 1006 1460; x_wconf 92' lang='lat' dir='ltr'>solitudo</span> <span class='ocrx_word' id='word_1_55' title='bbox 1030 1405 1065 1460; x_wconf 92' lang='lat' dir='ltr'>et</span> <span class='ocrx_word' id='word_1_56' title='bbox 1089 1405 1244 1460; x_wconf 84' lang='lat' dir='ltr'>tacentes</span> <span class='ocrx_word' id='word_1_57' title='bbox 1267 1397 1351 1474; x_wconf 73' lang='lat' dir='ltr'>loci,</span> <span class='ocrx_word' id='word_1_58' title='bbox 1383 1407 1530 1482; x_wconf 88' lang='lat' dir='ltr'>temptat</span> 
     </span>
     <span class='ocr_line' id='line_1_9' title="bbox 330 1516 852 1592; baseline -0.002 -11"><span class='ocrx_word' id='word_1_59' title='bbox 330 1518 453 1592; x_wconf 89' lang='lat' dir='ltr'>clausa,</span> <span class='ocrx_word' id='word_1_60' title='bbox 479 1517 680 1580; x_wconf 88' lang='lat' dir='ltr'>inhorrescit</span> <span class='ocrx_word' id='word_1_61' title='bbox 704 1516 852 1580; x_wconf 90' lang='lat' dir='ltr'>vacuis.”</span> 
     </span>
    </p>

    <p class='ocr_par' dir='ltr' id='par_1_5' title="bbox 330 1635 1531 2317">
     <span class='ocr_line' id='line_1_10' title="bbox 375 1635 1529 1719; baseline 0.002 -20"><span class='ocrx_word' id='word_1_62' title='bbox 375 1636 615 1700; x_wconf 90' lang='lat' dir='ltr'>Leviusculum</span> <span class='ocrx_word' id='word_1_63' title='bbox 629 1637 771 1699; x_wconf 87' lang='lat' dir='ltr'>sortasse</span> <span class='ocrx_word' id='word_1_64' title='bbox 785 1636 956 1699; x_wconf 89' lang='lat' dir='ltr'>videbitur</span> <span class='ocrx_word' id='word_1_65' title='bbox 965 1635 1057 1718; x_wconf 94' lang='lat' dir='ltr'>quod</span> <span class='ocrx_word' id='word_1_66' title='bbox 1072 1636 1200 1712; x_wconf 85' lang='lat' dir='ltr'>dicam;</span> <span class='ocrx_word' id='word_1_67' title='bbox 1211 1657 1406 1719; x_wconf 87' lang='lat' dir='ltr'>proponam</span> <span class='ocrx_word' id='word_1_68' title='bbox 1415 1647 1529 1702; x_wconf 89' lang='lat' dir='ltr'>tamen</span> 
     </span>
     <span class='ocr_line' id='line_1_11' title="bbox 331 1754 1531 1838; baseline 0.003 -20"><span class='ocrx_word' id='word_1_69' title='bbox 331 1756 618 1830; x_wconf 89' lang='lat' dir='ltr'>emendationem,</span> <span class='ocrx_word' id='word_1_70' title='bbox 642 1764 680 1818; x_wconf 94' lang='lat' dir='ltr'>ut</span> <span class='ocrx_word' id='word_1_71' title='bbox 704 1775 768 1838; x_wconf 91' lang='lat' dir='ltr'>ego</span> <span class='ocrx_word' id='word_1_72' title='bbox 793 1775 927 1830; x_wconf 88' lang='lat' dir='ltr'>censeo,</span> <span class='ocrx_word' id='word_1_73' title='bbox 954 1754 1053 1837; x_wconf 87' lang='lat' dir='ltr'>plane</span> <span class='ocrx_word' id='word_1_74' title='bbox 1078 1755 1314 1819; x_wconf 91' lang='lat' dir='ltr'>necessariam.</span> <span class='ocrx_word' id='word_1_75' title='bbox 1340 1757 1406 1820; x_wconf 91' lang='lat' dir='ltr'>Pro</span> <span class='ocrx_word' id='word_1_76' title='bbox 1427 1769 1531 1822; x_wconf 81' lang='lat' dir='ltr'>terret</span> 
     </span>
     <span class='ocr_line' id='line_1_12' title="bbox 330 1875 1529 1957; baseline 0.003 -19"><span class='ocrx_word' id='word_1_77' title='bbox 330 1875 511 1957; x_wconf 89' lang='lat' dir='ltr'>legendum</span> <span class='ocrx_word' id='word_1_78' title='bbox 537 1884 588 1937; x_wconf 90' lang='lat' dir='ltr'>est</span> <span class='ocrx_word' id='word_1_79' title='bbox 612 1885 756 1938; x_wconf 84' lang='lat' dir='ltr'>terrent:</span> <span class='ocrx_word' id='word_1_80' title='bbox 782 1875 910 1937; x_wconf 90' lang='lat' dir='ltr'>etenim</span> <span class='ocrx_word' id='word_1_81' title='bbox 929 1875 1045 1937; x_wconf 91' lang='lat' dir='ltr'>statim</span> <span class='ocrx_word' id='word_1_82' title='bbox 1065 1875 1276 1939; x_wconf 91' lang='lat' dir='ltr'>audientium</span> <span class='ocrx_word' id='word_1_83' title='bbox 1296 1876 1529 1941; x_wconf 89' lang='lat' dir='ltr'>recitantium·</span> 
     </span>
     <span class='ocr_line' id='line_1_13' title="bbox 330 1994 1531 2079; baseline 0.003 -21"><span class='ocrx_word' id='word_1_84' title='bbox 330 2016 396 2078; x_wconf 93' lang='lat' dir='ltr'>que</span> <span class='ocrx_word' id='word_1_85' title='bbox 420 2016 518 2059; x_wconf 90' lang='lat' dir='ltr'>aures</span> <span class='ocrx_word' id='word_1_86' title='bbox 542 1996 666 2058; x_wconf 90' lang='lat' dir='ltr'>sentire</span> <span class='ocrx_word' id='word_1_87' title='bbox 692 1994 820 2058; x_wconf 90' lang='lat' dir='ltr'>debent</span> <span class='ocrx_word' id='word_1_88' title='bbox 845 1995 935 2058; x_wconf 92' lang='lat' dir='ltr'>aliud</span> <span class='ocrx_word' id='word_1_89' title='bbox 961 2015 1034 2058; x_wconf 89' lang='lat' dir='ltr'>esse</span> <span class='ocrx_word' id='word_1_90' title='bbox 1054 1996 1245 2079; x_wconf 83' lang='lat' dir='ltr'>temptandi,</span> <span class='ocrx_word' id='word_1_91' title='bbox 1267 1995 1360 2059; x_wconf 90' lang='lat' dir='ltr'>aliud</span> <span class='ocrx_word' id='word_1_92' title='bbox 1383 1998 1531 2062; x_wconf 80' lang='lat' dir='ltr'>terrendi</span> 
     </span>
     <span class='ocr_line' id='line_1_14' title="bbox 331 2113 1529 2198; baseline 0.002 -21"><span class='ocrx_word' id='word_1_93' title='bbox 331 2115 426 2178; x_wconf 91' lang='lat' dir='ltr'>verbi</span> <span class='ocrx_word' id='word_1_94' title='bbox 458 2115 659 2177; x_wconf 68' lang='lat' dir='ltr'>Subiectum.</span> <span class='ocrx_word' id='word_1_95' title='bbox 693 2113 748 2178; x_wconf 89' lang='lat' dir='ltr'>Sic</span> <span class='ocrx_word' id='word_1_96' title='bbox 780 2116 928 2197; x_wconf 91' lang='lat' dir='ltr'>primum</span> <span class='ocrx_word' id='word_1_97' title='bbox 958 2123 1038 2177; x_wconf 89' lang='lat' dir='ltr'>ante</span> <span class='ocrx_word' id='word_1_98' title='bbox 1068 2122 1220 2177; x_wconf 91' lang='lat' dir='ltr'>mentem</span> <span class='ocrx_word' id='word_1_99' title='bbox 1244 2115 1353 2198; x_wconf 85' lang='lat' dir='ltr'>surgit</span> <span class='ocrx_word' id='word_1_100' title='bbox 1377 2116 1529 2180; x_wconf 90' lang='lat' dir='ltr'>locorum</span> 
     </span>
     <span class='ocr_line' id='line_1_15' title="bbox 331 2234 1311 2317; baseline 0 -21"><span class='ocrx_word' id='word_1_101' title='bbox 331 2235 444 2316; x_wconf 87' lang='lat' dir='ltr'>imago</span> <span class='ocrx_word' id='word_1_102' title='bbox 468 2243 503 2296; x_wconf 94' lang='lat' dir='ltr'>et</span> <span class='ocrx_word' id='word_1_103' title='bbox 526 2235 689 2297; x_wconf 90' lang='lat' dir='ltr'>continuo</span> <span class='ocrx_word' id='word_1_104' title='bbox 714 2241 792 2316; x_wconf 93' lang='lat' dir='ltr'>post</span> <span class='ocrx_word' id='word_1_105' title='bbox 815 2234 889 2317; x_wconf 90' lang='lat' dir='ltr'>ipse</span> <span class='ocrx_word' id='word_1_106' title='bbox 913 2235 1071 2316; x_wconf 92' lang='lat' dir='ltr'>princeps</span> <span class='ocrx_word' id='word_1_107' title='bbox 1095 2234 1311 2297; x_wconf 89' lang='lat' dir='ltr'>miserrimus.</span> 
     </span>
    </p>
   </div>
   <div class='ocr_carea' id='block_1_4' title="bbox 329 2460 1585 4230">
    <p class='ocr_par' dir='ltr' id='par_1_6' title="bbox 335 2460 1585 2674">
     <span class='ocr_line' id='line_1_16' title="bbox 375 2460 1585 2549; baseline 0.001 -13"><span class='ocrx_word' id='word_1_108' title='bbox 375 2474 419 2536; x_wconf 92' lang='lat' dir='ltr'>H.</span> <span class='ocrx_word' id='word_1_109' title='bbox 444 2474 505 2549; x_wconf 93' lang='lat' dir='ltr'>IV,</span> <span class='ocrx_word' id='word_1_110' title='bbox 536 2490 584 2537; x_wconf 89' lang='lat'>12.</span> <span class='ocrx_word' id='word_1_111' title='bbox 610 2474 815 2536; x_wconf 89' lang='lat' dir='ltr'>Batavorum</span> <span class='ocrx_word' id='word_1_112' title='bbox 840 2473 993 2537; x_wconf 92' lang='lat' dir='ltr'>conditio</span> <span class='ocrx_word' id='word_1_113' title='bbox 1017 2473 1156 2536; x_wconf 92' lang='lat' dir='ltr'>minime</span> <span class='ocrx_word' id='word_1_114' title='bbox 1177 2472 1294 2537; x_wconf 82' lang='lat' dir='ltr'>infelix</span> <span class='ocrx_word' id='word_1_115' title='bbox 1315 2473 1528 2538; x_wconf 89' lang='lat' dir='ltr'>describitur.</span> <span class='ocrx_word' id='word_1_116' title='bbox 1582 2460 1585 2465; x_wconf 56' lang='grc'><strong>’</strong></span> 
     </span>
     <span class='ocr_line' id='line_1_17' title="bbox 335 2593 734 2674; baseline -0.005 -17"><span class='ocrx_word' id='word_1_117' title='bbox 335 2593 483 2674; x_wconf 82' lang='lat' dir='ltr'>„Erant”</span> <span class='ocrx_word' id='word_1_118' title='bbox 507 2594 554 2655; x_wconf 90' lang='lat' dir='ltr'>ait</span> <span class='ocrx_word' id='word_1_119' title='bbox 578 2593 734 2656; x_wconf 87' lang='lat' dir='ltr'>Tacitus:</span> 
     </span>
    </p>

    <p class='ocr_par' dir='ltr' id='par_1_7' title="bbox 329 2711 1530 3034">
     <span class='ocr_line' id='line_1_18' title="bbox 378 2711 1529 2795; baseline 0.002 -21"><span class='ocrx_word' id='word_1_120' title='bbox 378 2733 459 2793; x_wconf 80' lang='lat' dir='ltr'>„nec</span> <span class='ocrx_word' id='word_1_121' title='bbox 480 2712 602 2795; x_wconf 91' lang='lat' dir='ltr'>opibus</span> <span class='ocrx_word' id='word_1_122' title='bbox 623 2712 787 2775; x_wconf 88' lang='lat' dir='ltr'>Romanis</span> <span class='ocrx_word' id='word_1_123' title='bbox 807 2713 971 2775; x_wconf 90' lang='lat' dir='ltr'>socictate</span> <span class='ocrx_word' id='word_1_124' title='bbox 991 2711 1195 2775; x_wconf 88' lang='lat' dir='ltr'>validiorum</span> <span class='ocrx_word' id='word_1_125' title='bbox 1214 2712 1322 2775; x_wconf 90' lang='lat' dir='ltr'>attriti</span> <span class='ocrx_word' id='word_1_126' title='bbox 1343 2711 1435 2775; x_wconf 93' lang='lat' dir='ltr'>viros</span> <span class='ocrx_word' id='word_1_127' title='bbox 1456 2722 1529 2776; x_wconf 92' lang='lat' dir='ltr'>tan-</span> 
     </span>
     <span class='ocr_line' id='line_1_19' title="bbox 329 2831 1530 2915; baseline -0.001 -20"><span class='ocrx_word' id='word_1_128' title='bbox 329 2840 402 2895; x_wconf 94' lang='lat' dir='ltr'>tum</span> <span class='ocrx_word' id='word_1_129' title='bbox 426 2852 588 2913; x_wconf 89' lang='lat' dir='ltr'>armaque</span> <span class='ocrx_word' id='word_1_130' title='bbox 612 2832 983 2915; x_wconf 86' lang='lat' dir='ltr'>imperioministrant,</span> <span class='ocrx_word' id='word_1_131' title='bbox 1004 2832 1063 2894; x_wconf 95' lang='lat' dir='ltr'>diu</span> <span class='ocrx_word' id='word_1_132' title='bbox 1084 2831 1294 2895; x_wconf 90' lang='lat' dir='ltr'>Germanicis</span> <span class='ocrx_word' id='word_1_133' title='bbox 1316 2831 1415 2896; x_wconf 90' lang='lat' dir='ltr'>bellis</span> <span class='ocrx_word' id='word_1_134' title='bbox 1435 2853 1530 2896; x_wconf 88' lang='lat' dir='ltr'>exer-</span> 
     </span>
     <span class='ocr_line' id='line_1_20' title="bbox 329 2949 1111 3034; baseline 0 -20"><span class='ocrx_word' id='word_1_135' title='bbox 329 2952 398 3028; x_wconf 90' lang='lat' dir='ltr'>citi,</span> <span class='ocrx_word' id='word_1_136' title='bbox 424 2971 504 3014; x_wconf 86' lang='lat' dir='ltr'>mox</span> <span class='ocrx_word' id='word_1_137' title='bbox 527 2961 627 3014; x_wconf 90' lang='lat' dir='ltr'>aucta</span> <span class='ocrx_word' id='word_1_138' title='bbox 652 2973 712 3034; x_wconf 93' lang='lat' dir='ltr'>per</span> <span class='ocrx_word' id='word_1_139' title='bbox 737 2952 947 3014; x_wconf 87' lang='lat' dir='ltr'>Britanniam</span> <span class='ocrx_word' id='word_1_140' title='bbox 971 2949 1111 3034; x_wconf 89' lang='lat' dir='ltr'>gloria.”</span> 
     </span>
    </p>

    <p class='ocr_par' dir='ltr' id='par_1_8' title="bbox 329 3069 1532 4230">
     <span class='ocr_line' id='line_1_21' title="bbox 374 3069 1530 3154; baseline 0 -19"><span class='ocrx_word' id='word_1_141' title='bbox 374 3073 439 3135; x_wconf 93' lang='lat' dir='ltr'>Pro</span> <span class='ocrx_word' id='word_1_142' title='bbox 470 3072 666 3136; x_wconf 82' lang='lat' dir='ltr'>ministrant</span> <span class='ocrx_word' id='word_1_143' title='bbox 696 3071 870 3134; x_wconf 93' lang='lat' dir='ltr'>Wurmius</span> <span class='ocrx_word' id='word_1_144' title='bbox 901 3078 994 3134; x_wconf 91' lang='lat' dir='ltr'>recte</span> <span class='ocrx_word' id='word_1_145' title='bbox 1026 3070 1122 3133; x_wconf 90' lang='lat' dir='ltr'>dedit</span> <span class='ocrx_word' id='word_1_146' title='bbox 1153 3071 1403 3135; x_wconf 85' lang='lat' dir='ltr'>ministrabant.</span> <span class='ocrx_word' id='word_1_147' title='bbox 1431 3069 1530 3154; x_wconf 87' lang='lat' dir='ltr'>Quae</span> 
     </span>
     <span class='ocr_line' id='line_1_22' title="bbox 331 3189 1532 3275; baseline -0.001 -20"><span class='ocrx_word' id='word_1_148' title='bbox 331 3193 540 3275; x_wconf 90' lang='lat' dir='ltr'>praecedunt</span> <span class='ocrx_word' id='word_1_149' title='bbox 562 3192 713 3254; x_wconf 91' lang='lat' dir='ltr'>nondum</span> <span class='ocrx_word' id='word_1_150' title='bbox 733 3191 781 3253; x_wconf 89' lang='lat' dir='ltr'>ita</span> <span class='ocrx_word' id='word_1_151' title='bbox 800 3199 879 3253; x_wconf 93' lang='lat' dir='ltr'>sunt</span> <span class='ocrx_word' id='word_1_152' title='bbox 899 3198 1052 3253; x_wconf 90' lang='lat' dir='ltr'>correcta</span> <span class='ocrx_word' id='word_1_153' title='bbox 1064 3197 1102 3252; x_wconf 90' lang='lat' dir='ltr'>ut</span> <span class='ocrx_word' id='word_1_154' title='bbox 1114 3190 1244 3252; x_wconf 89' lang='lat' dir='ltr'>sincera</span> <span class='ocrx_word' id='word_1_155' title='bbox 1257 3189 1359 3253; x_wconf 92' lang='lat' dir='ltr'>lectio</span> <span class='ocrx_word' id='word_1_156' title='bbox 1373 3191 1532 3254; x_wconf 90' lang='lat' dir='ltr'>restituta</span> 
     </span>
     <span class='ocr_line' id='line_1_23' title="bbox 330 3309 1531 3394; baseline 0 -20"><span class='ocrx_word' id='word_1_157' title='bbox 330 3313 437 3374; x_wconf 90' lang='lat' dir='ltr'>videri</span> <span class='ocrx_word' id='word_1_158' title='bbox 464 3312 579 3394; x_wconf 92' lang='lat' dir='ltr'>possit.</span> <span class='ocrx_word' id='word_1_159' title='bbox 605 3309 767 3392; x_wconf 90' lang='lat' dir='ltr'>Agricola</span> <span class='ocrx_word' id='word_1_160' title='bbox 791 3311 867 3373; x_wconf 92' lang='lat' dir='ltr'>voci</span> <span class='ocrx_word' id='word_1_161' title='bbox 893 3330 926 3391; x_wconf 89' lang='lat' dir='ltr'>q.</span> <span class='ocrx_word' id='word_1_162' title='bbox 952 3330 980 3372; x_wconf 92' lang='lat' dir='ltr'>c.</span> <span class='ocrx_word' id='word_1_163' title='bbox 1005 3310 1155 3374; x_wconf 82' lang='lat' dir='ltr'>societate</span> <span class='ocrx_word' id='word_1_164' title='bbox 1176 3309 1303 3372; x_wconf 88' lang='lat' dir='ltr'>adiecit</span> <span class='ocrx_word' id='word_1_165' title='bbox 1327 3310 1531 3392; x_wconf 90' lang='lat' dir='ltr'>particulam</span> 
     </span>
     <span class='ocr_line' id='line_1_24' title="bbox 329 3429 1532 3512; baseline -0.001 -17"><span class='ocrx_word' id='word_1_166' title='bbox 329 3455 378 3506; x_wconf 82' lang='lat' dir='ltr'>ve,</span> <span class='ocrx_word' id='word_1_167' title='bbox 404 3431 551 3494; x_wconf 91' lang='lat' dir='ltr'>Vlietius</span> <span class='ocrx_word' id='word_1_168' title='bbox 574 3431 734 3493; x_wconf 83' lang='lat' dir='ltr'>Romanis</span> <span class='ocrx_word' id='word_1_169' title='bbox 756 3430 902 3505; x_wconf 94' lang='lat' dir='ltr'>inclusit,</span> <span class='ocrx_word' id='word_1_170' title='bbox 927 3450 1072 3511; x_wconf 90' lang='lat' dir='ltr'>quorum</span> <span class='ocrx_word' id='word_1_171' title='bbox 1096 3438 1255 3492; x_wconf 91' lang='lat' dir='ltr'>neutrum</span> <span class='ocrx_word' id='word_1_172' title='bbox 1279 3429 1412 3492; x_wconf 90' lang='lat' dir='ltr'>sufficit.</span> <span class='ocrx_word' id='word_1_173' title='bbox 1446 3429 1532 3512; x_wconf 86' lang='lat' dir='ltr'>Quis</span> 
     </span>
     <span class='ocr_line' id='line_1_25' title="bbox 332 3549 1532 3633; baseline 0.001 -20"><span class='ocrx_word' id='word_1_174' title='bbox 332 3552 421 3613; x_wconf 91' lang='lat' dir='ltr'>enirn</span> <span class='ocrx_word' id='word_1_175' title='bbox 454 3551 516 3612; x_wconf 91' lang='lat' dir='ltr'>iste</span> <span class='ocrx_word' id='word_1_176' title='bbox 544 3559 595 3612; x_wconf 90' lang='lat' dir='ltr'>est</span> <span class='ocrx_word' id='word_1_177' title='bbox 619 3551 872 3612; x_wconf 90' lang='lat' dir='ltr'>enuntiatorum</span> <span class='ocrx_word' id='word_1_178' title='bbox 896 3551 992 3624; x_wconf 91' lang='lat' dir='ltr'>ordo,</span> <span class='ocrx_word' id='word_1_179' title='bbox 1017 3570 1086 3633; x_wconf 94' lang='lat' dir='ltr'>quo</span> <span class='ocrx_word' id='word_1_180' title='bbox 1111 3550 1231 3613; x_wconf 91' lang='lat' dir='ltr'>Batavi</span> <span class='ocrx_word' id='word_1_181' title='bbox 1256 3549 1348 3633; x_wconf 90' lang='lat' dir='ltr'>prius</span> <span class='ocrx_word' id='word_1_182' title='bbox 1372 3551 1532 3614; x_wconf 90' lang='lat' dir='ltr'>dicantur</span> 
     </span>
     <span class='ocr_line' id='line_1_26' title="bbox 334 3668 1531 3752; baseline -0.001 -19"><span class='ocrx_word' id='word_1_183' title='bbox 334 3672 475 3752; x_wconf 77' lang='lat' dir='ltr'>„opibus</span> <span class='ocrx_word' id='word_1_184' title='bbox 500 3690 567 3731; x_wconf 94' lang='lat' dir='ltr'>non</span> <span class='ocrx_word' id='word_1_185' title='bbox 592 3670 699 3731; x_wconf 89' lang='lat' dir='ltr'>attriti</span> <span class='ocrx_word' id='word_1_186' title='bbox 724 3668 818 3732; x_wconf 89' lang='lat' dir='ltr'>esse&#39;&#39;</span> <span class='ocrx_word' id='word_1_187' title='bbox 843 3670 968 3732; x_wconf 92' lang='lat' dir='ltr'>deinde</span> <span class='ocrx_word' id='word_1_188' title='bbox 996 3670 1105 3749; x_wconf 80' lang='lat' dir='ltr'>„viros</span> <span class='ocrx_word' id='word_1_189' title='bbox 1128 3677 1263 3732; x_wconf 91' lang='lat' dir='ltr'>tantum</span> <span class='ocrx_word' id='word_1_190' title='bbox 1284 3689 1448 3752; x_wconf 90' lang='lat' dir='ltr'>armaque</span> <span class='ocrx_word' id='word_1_191' title='bbox 1469 3670 1531 3732; x_wconf 89' lang='lat' dir='ltr'>im·</span> 
     </span>
     <span class='ocr_line' id='line_1_27' title="bbox 331 3787 1532 3872; baseline -0.001 -19"><span class='ocrx_word' id='word_1_192' title='bbox 331 3791 425 3872; x_wconf 92' lang='lat' dir='ltr'>perio</span> <span class='ocrx_word' id='word_1_193' title='bbox 451 3788 689 3864; x_wconf 90' lang='lat' dir='ltr'>ministrasse’&#39;,</span> <span class='ocrx_word' id='word_1_194' title='bbox 714 3796 890 3870; x_wconf 89' lang='lat' dir='ltr'>tamquam</span> <span class='ocrx_word' id='word_1_195' title='bbox 914 3789 940 3850; x_wconf 96' lang='lat' dir='ltr'>si</span> <span class='ocrx_word' id='word_1_196' title='bbox 966 3788 1021 3851; x_wconf 89' lang='lat' dir='ltr'>illa</span> <span class='ocrx_word' id='word_1_197' title='bbox 1046 3808 1098 3851; x_wconf 91' lang='lat' dir='ltr'>res</span> <span class='ocrx_word' id='word_1_198' title='bbox 1122 3789 1356 3871; x_wconf 87' lang='lat' dir='ltr'>praecesserit,</span> <span class='ocrx_word' id='word_1_199' title='bbox 1380 3787 1467 3852; x_wconf 91' lang='lat' dir='ltr'>haec</span> <span class='ocrx_word' id='word_1_200' title='bbox 1487 3789 1532 3853; x_wconf 91' lang='lat' dir='ltr'>sit</span> 
     </span>
     <span class='ocr_line' id='line_1_28' title="bbox 329 3905 1532 3990; baseline 0 -18"><span class='ocrx_word' id='word_1_201' title='bbox 329 3919 455 3984; x_wconf 88' lang='lat' dir='ltr'>secuta,</span> <span class='ocrx_word' id='word_1_202' title='bbox 478 3918 512 3971; x_wconf 91' lang='lat' dir='ltr'>et</span> <span class='ocrx_word' id='word_1_203' title='bbox 534 3929 602 3972; x_wconf 93' lang='lat' dir='ltr'>non</span> <span class='ocrx_word' id='word_1_204' title='bbox 623 3908 706 3971; x_wconf 89' lang='lat' dir='ltr'>haec</span> <span class='ocrx_word' id='word_1_205' title='bbox 727 3908 814 3970; x_wconf 93' lang='lat' dir='ltr'>illius</span> <span class='ocrx_word' id='word_1_206' title='bbox 834 3908 933 3971; x_wconf 87' lang='lat' dir='ltr'>fuerit</span> <span class='ocrx_word' id='word_1_207' title='bbox 955 3905 1076 3970; x_wconf 84' lang='lat' dir='ltr'>causa?</span> <span class='ocrx_word' id='word_1_208' title='bbox 1098 3907 1229 3970; x_wconf 87' lang='lat' dir='ltr'>Tamen</span> <span class='ocrx_word' id='word_1_209' title='bbox 1244 3915 1323 3990; x_wconf 91' lang='lat' dir='ltr'>post</span> <span class='ocrx_word' id='word_1_210' title='bbox 1335 3906 1532 3972; x_wconf 88' lang='lat' dir='ltr'>Wurmium</span> 
     </span>
     <span class='ocr_line' id='line_1_29' title="bbox 331 4026 1532 4110; baseline -0.002 -17"><span class='ocrx_word' id='word_1_211' title='bbox 331 4031 564 4110; x_wconf 90' lang='lat' dir='ltr'>Vlietiumque</span> <span class='ocrx_word' id='word_1_212' title='bbox 597 4050 664 4091; x_wconf 93' lang='lat' dir='ltr'>non</span> <span class='ocrx_word' id='word_1_213' title='bbox 695 4028 837 4090; x_wconf 91' lang='lat' dir='ltr'>multum</span> <span class='ocrx_word' id='word_1_214' title='bbox 861 4028 1032 4109; x_wconf 90' lang='lat' dir='ltr'>agendum</span> <span class='ocrx_word' id='word_1_215' title='bbox 1057 4035 1178 4090; x_wconf 90' lang='lat' dir='ltr'>restat:</span> <span class='ocrx_word' id='word_1_216' title='bbox 1204 4026 1338 4091; x_wconf 90' lang='lat' dir='ltr'>illorum</span> <span class='ocrx_word' id='word_1_217' title='bbox 1363 4027 1456 4090; x_wconf 91' lang='lat' dir='ltr'>enim</span> <span class='ocrx_word' id='word_1_218' title='bbox 1481 4047 1532 4090; x_wconf 88' lang='lat' dir='ltr'>re·</span> 
     </span>
     <span class='ocr_line' id='line_1_30' title="bbox 329 4138 1532 4230; baseline -0.001 -20"><span class='ocrx_word' id='word_1_219' title='bbox 329 4150 438 4230; x_wconf 89' lang='lat' dir='ltr'>ceptis</span> <span class='ocrx_word' id='word_1_220' title='bbox 462 4138 759 4209; x_wconf 79' lang='lat' dir='ltr'>emendationibus</span> <span class='ocrx_word' id='word_1_221' title='bbox 783 4147 887 4208; x_wconf 91' lang='lat' dir='ltr'>verba</span> <span class='ocrx_word' id='word_1_222' title='bbox 913 4147 1022 4226; x_wconf 80' lang='lat' dir='ltr'>„viros</span> <span class='ocrx_word' id='word_1_223' title='bbox 1046 4155 1180 4208; x_wconf 90' lang='lat' dir='ltr'>tantum</span> <span class='ocrx_word' id='word_1_224' title='bbox 1201 4165 1364 4228; x_wconf 89' lang='lat' dir='ltr'>armaque</span> <span class='ocrx_word' id='word_1_225' title='bbox 1386 4147 1532 4228; x_wconf 88' lang='lat' dir='ltr'>imperio</span> 
     </span>
    </p>
   </div>
   <div class='ocr_carea' id='block_1_5' title="bbox 331 4266 1533 4348">
    <p class='ocr_par' dir='ltr' id='par_1_9' title="bbox 331 4266 1533 4348">
     <span class='ocr_line' id='line_1_31' title="bbox 331 4266 1533 4348; baseline 0.001 -20"><span class='ocrx_word' id='word_1_226' title='bbox 331 4266 591 4328; x_wconf 88' lang='lat' dir='ltr'>ministrabant’&#39;</span> <span class='ocrx_word' id='word_1_227' title='bbox 617 4287 707 4348; x_wconf 93' lang='lat' dir='ltr'>pono</span> <span class='ocrx_word' id='word_1_228' title='bbox 729 4267 761 4327; x_wconf 92' lang='lat' dir='ltr'>in</span> <span class='ocrx_word' id='word_1_229' title='bbox 784 4266 988 4348; x_wconf 90' lang='lat' dir='ltr'>parenthesi,</span> <span class='ocrx_word' id='word_1_230' title='bbox 1010 4274 1045 4327; x_wconf 91' lang='lat' dir='ltr'>ut</span> <span class='ocrx_word' id='word_1_231' title='bbox 1066 4267 1172 4340; x_wconf 91' lang='lat' dir='ltr'>aiunt,</span> <span class='ocrx_word' id='word_1_232' title='bbox 1193 4274 1231 4328; x_wconf 92' lang='lat' dir='ltr'>ut</span> <span class='ocrx_word' id='word_1_233' title='bbox 1251 4285 1312 4328; x_wconf 86' lang='lat' dir='ltr'>sua</span> <span class='ocrx_word' id='word_1_234' title='bbox 1331 4267 1406 4348; x_wconf 90' lang='lat' dir='ltr'>ipse</span> <span class='ocrx_word' id='word_1_235' title='bbox 1426 4266 1533 4329; x_wconf 87' lang='lat' dir='ltr'>verba</span> 
     </span>
    </p>
   </div>
   <div class='ocr_carea' id='block_1_6' title="bbox 329 4385 880 4447">
    <p class='ocr_par' dir='ltr' id='par_1_10' title="bbox 329 4385 880 4447">
     <span class='ocr_line' id='line_1_32' title="bbox 329 4385 880 4447; baseline 0 -1"><span class='ocrx_word' id='word_1_236' title='bbox 329 4385 497 4447; x_wconf 88' lang='lat' dir='ltr'>illustrans</span> <span class='ocrx_word' id='word_1_237' title='bbox 520 4385 659 4447; x_wconf 84' lang='lat' dir='ltr'>Tacitus</span> <span class='ocrx_word' id='word_1_238' title='bbox 683 4385 880 4446; x_wconf 90' lang='lat' dir='ltr'>inducatur:</span> 
     </span>
    </p>
   </div>
   <div class='ocr_carea' id='block_1_7' title="bbox 0 0 1610 5274">
    <p class='ocr_par' dir='ltr' id='par_1_11' title="bbox 0 0 1610 5274">
     <span class='ocr_line' id='line_1_33' title="bbox 0 0 1610 5274; baseline 0 0"><span class='ocrx_word' id='word_1_239' title='bbox 0 0 1610 5274; x_wconf 95' lang='lat' dir='ltr'> </span> 
     </span>
    </p>
   </div>
  </div>
 </body>
</html>
