3292 5280
805 343 845 404 88

271 522 296 597 l,
319 523 371 605 76.
394 523 446 585 De
468 523 650 604 provinciis
668 523 951 604 exercitibusque,
971 543 1057 604 quae
1073 543 1093 584 a
1109 521 1263 605 partibus
1276 521 1422 587 Othonis

227 642 376 716 stabant,
401 651 435 704 et
459 642 524 704 alia
548 652 724 705 narrantur
749 653 784 706 et
807 642 909 706 haec:

275 761 390 839 ,Idem
423 760 559 823 Africae
591 761 804 842 obsequium,
836 762 933 825 initio
963 761 1168 843 Carthagine
1191 769 1284 837 orto;
1313 782 1422 844 neque

226 890 408 965 expectata
442 881 598 964 Vipstani
631 882 822 964 Aproniani
853 883 1063 965 proconsulis
1090 883 1294 945 auctoritate
1328 882 1422 946 Cres-

226 1022 316 1076 cens,
350 1001 496 1064 Neronis
525 1002 666 1064 libertus
698 1002 789 1084 (nam
815 1010 849 1063 et
874 1001 907 1063 hi
933 1001 1029 1065 malis
1052 1001 1265 1083 temporibus
1289 1011 1421 1084 partem

226 1142 262 1184 se
294 1121 499 1204 reipublicae
530 1121 679 1204 faciunt),
713 1121 850 1204 epulum
883 1121 974 1203 plebi
1006 1122 1052 1184 ob
1081 1120 1245 1184 laetitiam
1276 1123 1423 1185 recentis

167 1320 170 1325 Ι
226 1242 358 1322 imperii
389 1241 568 1315 obtulerat,
592 1249 626 1303 et
652 1241 796 1324 populus
820 1241 982 1323 pleraque
1005 1242 1078 1303 sine
1101 1242 1205 1303 modo
1230 1240 1422 1305 festinavit:

226 1359 467 1442 Carthaginem
491 1369 625 1423 ceterae
649 1361 805 1423 civitates
828 1359 998 1423 secutae”.

271 1479 364 1542 Nihil
388 1480 456 1541 vidi
482 1479 545 1541 hac
570 1479 787 1542 distinctione
800 1477 821 1561 ¹)
842 1479 1042 1561 perversius,
1063 1497 1131 1559 qua
1150 1478 1250 1541 nobis
1267 1478 1420 1541 exhiberi

226 1599 385 1661 videntur
416 1599 503 1661 duae
528 1618 591 1672 res,
616 1618 704 1679 quae
727 1598 902 1679 quomodo
926 1598 1014 1660 inter
1036 1618 1072 1660 se
1096 1597 1304 1660 cohaereant
1329 1599 1421 1662 videt

226 1738 344 1780 nemo:
382 1718 583 1798 obsequium
619 1717 700 1780 illud
738 1717 830 1799 (erga
865 1715 1051 1798 Othonem)
1086 1717 1179 1798 quod
1214 1715 1419 1798 Carthagine

226 1838 358 1900 initium
394 1837 524 1910 habuit,
556 1836 590 1899 et
622 1836 813 1910 Crescentis
844 1835 931 1898 illius
962 1835 1150 1910 consilium,
1182 1855 1252 1917 quo
1284 1835 1419 1918 plebem

225 1957 348 2019 eodem
381 1957 535 2019 adduxit.
568 1954 635 2019 Sed
660 1956 707 2018 sic
731 1956 843 2019 incide
867 1955 997 2017 locum:
1027 1955 1136 2034 ,idern
1160 1954 1300 2018 Africae
1325 1957 1420 2018 obse-

225 2076 352 2156 quium,
385 2076 481 2137 initio
512 2074 716 2154 Carthagine
747 2083 832 2149 orto,
862 2093 972 2155 neque
997 2082 1180 2157 expectata
1204 2074 1248 2136 V.
1276 2075 1320 2137 A.
1345 2096 1419 2157 pro·

226 2194 372 2257 consulis
391 2195 609 2257 auctoritate:
632 2194 795 2258 Crescens
807 2215 836 2256 e.
850 2214 882 2275 q.
896 2193 956 2269 s.”‚
976 2195 1091 2257 omnia
1108 2203 1206 2257 erunt
1224 2195 1420 2277 planissima

225 2322 259 2374 et
290 2313 418 2396 optime
452 2314 648 2376 decurrentz
681 2314 827 2396 primum
859 2313 1022 2376 docemur
1045 2312 1198 2376 Africam
1222 2333 1243 2376 a
1266 2314 1419 2396 partibus

225 2430 372 2495 Othonis
395 2433 527 2495 stetisse
551 2453 694 2515 eamque
720 2453 790 2495 rem
814 2431 1019 2514 Carthagine
1039 2441 1154 2496 natam
1175 2452 1249 2495 esse
1268 2434 1331 2496 sed
1352 2454 1418 2497 non

226 2551 435 2633 proconsulis
459 2561 658 2634 exspectata
681 2553 900 2627 auctoritate;
927 2552 1063 2627 deinde,
1083 2552 1327 2634 quaerentibus
1347 2555 1420 2634 quis

225 2691 317 2752 erg0,
341 2672 368 2733 si
393 2673 574 2754 proconsul
599 2673 645 2734 rei
670 2681 788 2735 auctor
813 2692 881 2734 non
906 2671 977 2747 suit,
1002 2681 1120 2734 auctor
1144 2672 1325 2748 exstiterit,
1348 2693 1418 2736 nar·

226 2799 317 2853 ratur
349 2793 446 2854 nobis
478 2793 520 2854 de
545 2791 735 2855 Crescentis
759 2791 910 2866 consilio,
935 2811 1004 2873 quo
1028 2790 1084 2853 ille
1108 2790 1352 2873 Carthaginem
1375 2791 1415 2853 ad

225 2909 398 2973 Othonem
415 2911 634 2986 transtulerit,
648 2912 741 2993 quod
754 2911 950 2994 exemplum
963 2920 1036 2974 tota
1048 2912 1091 2973 sit
1103 2918 1220 2973 secuta
1233 2911 1417 2993 provincia

271 3029 313 3090 Η.
341 3030 383 3104 11,
409 3044 439 3111 7.
468 3031 566 3109 ,Non
598 3030 735 3093 fallebat
766 3033 869 3095 duces
898 3032 931 3112 (i.
955 3052 985 3094 e.
1010 3030 1260 3112 Vespasianum
1293 3031 1417 3094 Mucia·

224 3150 385 3231 numque)
416 3150 563 3231 impetus
594 3151 748 3225 militum,
782 3150 841 3212 sed
873 3149 1078 3213 bellantibus
1108 3149 1182 3212 aliis
1208 3149 1337 3231 placuit
1361 3170 1436 3252 ex·-

223 3268 351 3349 pectari
383 3267 520 3331 bellum.
551 3289 628 3331 cum
660 3269 698 3331 In
727 3270 872 3331 victores
897 3255 1073 3351 ¹victosque
1096 3289 1285 3352 numquam
1309 3269 1416 3334 solida

223 3385 290 3450 fide
314 3386 537 3450 coalescere”.

268 3507 397 3570 Lacera
428 3506 530 3569 lectio
560 3506 688 3570 bellum.
721 3529 792 3570 cum
825 3509 868 3570 In
899 3516 950 3570 est
974 3508 1008 3570 in
1034 3507 1153 3570 codice
1164 3505 1200 3590 ²).
1225 3508 1415 3572 Lenissima

223 3625 311 3699 haud
336 3626 438 3688 dubie
463 3626 630 3688 Pichenae
653 3635 705 3687 est
725 3627 890 3688 correctio
909 3625 986 3689 belli
1003 3627 1138 3701 exitum,
1159 3647 1280 3690 vereor
1298 3637 1412 3691 tamen

222 3753 258 3806 ut
291 3765 370 3807 vera
393 3745 447 3818 sit,
473 3753 543 3807 tam
569 3745 707 3826 pulchre
732 3747 765 3808 in
791 3766 874 3808 voce
898 3747 1068 3829 expectari
1089 3746 1261 3809 sententia
1285 3746 1415 3810 linitur:

221 3862 414 3926 bellantibus
443 3864 521 3926 aliis
545 3865 676 3947 placuit
705 3867 898 3946 exspectari,
931 3865 997 3929 hoc
1030 3886 1108 3929 vere
1140 3865 1322 3929 Taciteum
1352 3876 1412 3930 est.

221 3981 369 4045 Accedit
389 3984 481 4065 quod
503 3985 604 4066 paulo
623 3993 701 4067 post
720 3985 803 4047 haec
822 3985 941 4047 iisdem
955 3985 1097 4048 ducibus
1109 3985 1268 4050 tribuitur
1280 3988 1412 4071 opinio:

259 4263 285 4327 ι)
304 4263 334 4310 ln
353 4262 443 4311 codice
461 4262 596 4311 distinctio
616 4278 669 4311 non
691 4263 854 4326 perspicitur.

256 4347 283 4412 2)
303 4349 333 4396 In
352 4348 464 4411 imagine
484 4349 656 4412 phototypica
675 4349 717 4399 hic
737 4350 810 4399 locus
829 4349 881 4414 legi
903 4350 1004 4414 nequit.
