3292 5280
799 399 837 460 81

224 574 494 658 feminarumque
527 575 704 659 planctus),
735 576 795 638 sed
828 585 950 639 cuncta
977 597 1064 658 quae
1095 577 1138 639 ab
1163 578 1248 640 idem
1272 577 1416 639 omnium

223 695 357 758 initium
382 695 519 758 habent.
546 695 622 758 Hoc
646 715 727 776 ergo
752 695 834 757 dicit
858 695 1014 758 Tacitus:
1043 696 1127 775 ,hoc
1152 717 1255 758 unum
1280 698 1313 758 in
1335 717 1417 758 com·

224 815 319 876 muni
340 815 484 877 omnium
507 813 599 876 luctu
625 822 697 877 erat
721 814 902 876 discrimen
926 815 1018 896 quod
1046 836 1075 877 e.
1100 836 1133 896 q.
1158 815 1216 877 s.'’.

270 932 331 1006 Ill,
359 950 414 1012 41.
441 933 494 995 De
519 941 613 996 motu
639 932 905 995 Andecavorum
929 941 963 995 et
987 934 1202 996 Turonorum
1226 943 1260 996 et
1285 934 1349 996 alia
1373 935 1418 996 le-

223 1061 350 1134 guntur
373 1061 408 1115 et
431 1051 532 1115 haec:

273 1171 420 1251 ,Turoni
449 1170 635 1253 legionario
663 1172 780 1247 milite,
807 1192 909 1252 quem
935 1172 1094 1235 Visellius
1119 1173 1229 1236 Varro
1253 1173 1434 1236 inferioris.

225 1291 427 1356 Germaniae
459 1290 590 1372 legatus
613 1292 759 1367 miserat,
785 1292 936 1374 oppressi
962 1329 1005 1337 —
1030 1292 1155 1355 Aviola
1178 1295 1264 1356 duce
1288 1302 1323 1355 et
1346 1295 1418 1374 qui·

225 1411 370 1475 busdam
400 1411 583 1474 Galliarum
612 1412 826 1494 primoribus,
851 1414 908 1493 qui
933 1412 1039 1475 tulere
1063 1414 1235 1489 auxilium,
1260 1434 1327 1495 quo
1353 1414 1418 1476 dis-

224 1531 423 1593 simularent
447 1529 674 1594 desectionem
700 1531 874 1613 magisque
896 1532 932 1595 in
957 1541 1112 1614 tempore
1137 1532 1328 1594 efferrent”.

271 1650 429 1713 lnaudito
464 1671 600 1733 prorsus
635 1652 738 1713 modo
774 1652 828 1713 hic
863 1653 1024 1735 efferendi
1057 1652 1199 1714 verbum
1235 1654 1419 1734 opponitur

225 1771 332 1834 verbo
359 1769 594 1833 dissimulandi
621 1779 657 1832 ut
688 1770 756 1833 sere
779 1783 938 1854 promere
960 1771 1127 1852 significet
1151 1780 1185 1833 et
1208 1772 1418 1854 desectionem

223 1891 349 1973 efferre
378 1891 422 1952 sit
446 1889 565 1973 palam
596 1889 741 1974 deficere.
776 1890 864 1952 Nam
895 1911 996 1971 quem
1022 1889 1133 1952 locum
1159 1890 1341 1952 Furneaux
1365 1890 1418 1952 hic

225 2009 333 2084 affert,
367 2008 427 2083 Vl,
459 2028 489 2091 9,
522 2009 623 2091 longe
654 2009 719 2072 alia
751 2010 822 2072 eius
855 2016 906 2072 est
931 2010 1026 2071 ratio,
1052 2010 1102 2071 lbi
1128 2010 1217 2072 enim
1242 2012 1352 2091 agitur
1376 2012 1419 2073 de

225 2129 368 2192 audacia
389 2128 435 2190 M.
455 2127 593 2190 Terenti
612 2129 735 2210 equitis
755 2128 912 2204 Romani,
930 2131 987 2212 qui
1007 2129 1176 2192 liberrima
1189 2131 1232 2193 ad
1246 2129 1420 2192 Tiberium

224 2249 381 2310 oratione
411 2247 569 2311 habenda
596 2266 691 2310 suam
721 2247 903 2330 Seianique
927 2249 1112 2311 amicitiam
1136 2248 1300 2312 defendit.
1326 2248 1420 2311 Haec

225 2388 308 2449 ergo
339 2368 448 2430 oratio
480 2376 613 2430 tantum
646 2366 751 2429 valuit
783 2376 819 2429 ut
851 2388 919 2430 non
952 2368 1060 2430 solum
1093 2370 1165 2450 ipse
1189 2368 1422 2431 absolveretur

224 2486 285 2549 sed
308 2494 416 2548 morte
439 2486 660 2549 multarentur
680 2496 894 2548 accusatores
918 2488 1016 2568 ,quia
1036 2496 1189 2570 repertus
1209 2485 1303 2550 erat'’
1325 2487 1423 2549 Taci-

225 2614 281 2667 tus
310 2607 357 2668 ait
389 2607 465 2686 ,qui
496 2604 630 2668 efferret
658 2625 745 2687 quae
770 2625 889 2668 omnes
912 2607 1026 2668 animo
1050 2605 1258 2688 agitabant”.
1284 2606 1423 2689 Efferre

225 2733 340 2786 autem
373 2733 408 2787 et
438 2726 548 2788 animo
579 2725 714 2807 agitare
744 2725 833 2788 inter
861 2745 896 2787 se
926 2727 1065 2808 opponi,
1091 2747 1202 2801 nemo,
1229 2736 1266 2789 ut
1289 2728 1421 2809 opinor,

226 2843 413 2905 mirabitur.
442 2843 487 2905 Et
513 2843 605 2924 quod
630 2844 681 2905 vir
704 2844 917 2906 acutissimus
940 2845 1063 2907 eodem
1088 2845 1190 2907 trahit
1216 2844 1259 2920 ll,
1285 2846 1337 2926 63,
1363 2845 1423 2908 hu·

226 2963 319 3025 mani
343 2963 471 3045 patitur
493 2962 637 3044 aliquid:
662 2963 710 3024 ibi
735 2964 825 3025 enim
849 2965 973 3047 efferre
995 2973 1046 3027 est
1066 2964 1320 3027 usitatissimum
1341 2964 1422 3027 illud

226 3081 381 3145 laudibus
402 3082 525 3164 efferre
546 3102 571 3144 s.
596 3081 768 3145 extollere:
793 3090 908 3162 ,extat
927 3083 1046 3160 oratio,
1067 3103 1134 3165 qua
1154 3084 1423 3166 magnitudinem

227 3200 290 3263 viri
393 3199 548 3263 extulit”.

274 3318 367 3381 Ann.
392 3320 452 3394 IV,
479 3338 509 3401 3.
535 3320 627 3382 Nota
651 3340 703 3383 res
727 3330 777 3383 est
795 3320 953 3404 paelicem
975 3321 1040 3384 dici
1062 3321 1236 3384 mulierem
1257 3342 1325 3384 non
1346 3323 1424 3384 rati·

227 3457 294 3501 one
318 3438 435 3502 habita
457 3439 536 3513 viri,
562 3439 618 3520 qui
644 3458 718 3501 eam
739 3448 831 3502 amat
851 3440 956 3520 (Belg.
981 3437 1139 3519 „bijzit”),
1161 3441 1220 3502 sed
1243 3439 1296 3502 vel
1316 3441 1424 3503 iustae

227 3559 343 3620 uxoris
378 3557 432 3620 vel
467 3558 613 3620 cuiusvis
649 3558 806 3633 mulieris,
840 3579 928 3640 quae
958 3559 1002 3621 ab
1034 3558 1156 3620 eodem
1188 3559 1260 3620 viro
1292 3569 1424 3622 amatur

228 3676 334 3759 (Belg.
363 3677 698 3760 ,medeminnares”).
723 3677 778 3741 Sic
799 3677 933 3742 Semele
953 3686 1004 3739 est
1024 3677 1146 3760 paelex
1166 3697 1233 3739 non
1254 3677 1344 3738 lovis
1363 3678 1423 3740 sed

228 3795 378 3858 Iunonis.
411 3794 523 3859 Semel
554 3794 693 3858 Tacitus
724 3795 790 3858 alio
823 3796 926 3859 modo
959 3795 1040 3858 illud
1074 3815 1198 3857 nomen
1230 3795 1424 3857 adhibuisse

228 3915 373 3989 videtur,
399 3915 459 3977 sed
483 3923 616 3976 tantum
640 3915 782 3988 videtur,
809 3935 886 3977 nam
911 3916 937 3977 si
962 3923 1053 3977 recte
1080 3934 1156 3975 eum
1183 3914 1424 3995 interpretaris,

227 4041 372 4116 apparet
397 4033 443 4095 ibi
467 4053 603 4114 quoque
626 4053 647 4095 a
666 4033 767 4096 solito
788 4055 848 4096 usu
870 4054 946 4096 eum
968 4053 1036 4095 non
1058 4033 1227 4096 recedere.
1250 4032 1310 4093 Est
1332 4032 1425 4095 locus

229 4152 286 4214 ubi
311 4152 356 4214 de
381 4150 493 4215 Seiani
519 4152 705 4232 Liviaeque
725 4154 835 4233 agitur
855 4153 998 4234 nuptiis:
1023 4151 1140 4230 ,Pellit
1161 4152 1264 4213 domo
1284 4150 1425 4215 Seianus

228 4289 372 4333 uxorem
403 4269 598 4352 Apicatam,
632 4289 676 4331 ex
707 4290 774 4351 qua
802 4279 870 4332 tres
893 4270 1017 4332 liberos
1041 4278 1215 4351 genuerat,
1239 4290 1280 4331 ne
1306 4271 1424 4351 paelici

228 4386 512 4471 suspectaretur'’.

1265 4506 1281 4554 6
