3210 5274
705 1296 719 1321 ⁸
766 1290 844 1355 XII.

248 1520 385 1601 Agetur
402 1520 456 1582 hic
475 1521 518 1582 de
536 1521 576 1583 iis
595 1520 704 1582 Taciti
724 1519 972 1583 narrationibus
990 1540 1088 1600 quae,
1107 1519 1192 1582 sicut
1211 1519 1302 1601 apud
1323 1540 1399 1583 eum

201 1639 372 1721 leguntur,
403 1639 544 1722 intelligi
574 1640 779 1722 probarique
804 1660 871 1702 non
896 1640 1038 1722 possint,
1062 1639 1223 1714 obscuris,
1247 1640 1402 1715 turbatis,

201 1759 428 1841 imperfectis3
462 1779 618 1841 quaeque
650 1760 741 1822 vitiis
772 1757 835 1821 illis
865 1758 1023 1821 laborant
1051 1779 1118 1821 non
1143 1759 1240 1821 unius
1263 1758 1403 1822 alicuius

202 1879 362 1942 vocabuli
394 1879 504 1962 culpa,
537 1880 630 1961 quod
656 1899 774 1961 parum
797 1887 878 1961 apte
902 1880 945 1942 sit
970 1880 1130 1961 positum,
1155 1879 1215 1941 sed
1241 1881 1320 1960 quia
1344 1888 1403 1942 aut

201 1999 246 2061 ad
283 1999 481 2062 historicum
514 2008 668 2062 nostrum
699 1999 745 2062 nil
778 2000 839 2061 nisi
873 2020 978 2081 vagus
1010 2019 1124 2061 rumor
1157 2000 1312 2080 pervenit
1343 2009 1402 2063 aut

201 2118 283 2199 quia
313 2119 439 2181 nudam
465 2139 600 2182 narrare
625 2120 803 2182 veritatem
829 2117 948 2193 noluit,
972 2126 1031 2181 aut
1055 2119 1203 2199 denique
1226 2119 1306 2199 quia
1329 2139 1400 2182 rem

201 2236 351 2318 aliquam
377 2239 424 2300 ita
449 2239 625 2320 proposuit
651 2247 687 2301 ut
707 2238 833 2320 legenti
854 2238 1040 2300 admodum
1061 2238 1104 2299 sit
1123 2238 1258 2300 difficile
1279 2239 1399 2301 nonin

201 2355 351 2438 aliquem
369 2358 519 2421 incidere
535 2378 695 2421 errorem.
715 2357 859 2422 Causam
876 2366 990 2420 autem
1004 2377 1063 2419 cur
1075 2357 1245 2420 interdum
1258 2357 1402 2422 noluerit

201 2497 273 2539 rem
299 2477 347 2540 ita
372 2487 409 2540 ut
431 2487 528 2559 gesta
553 2488 641 2541 esset
665 2479 811 2552 tradere,
836 2478 923 2541 hanc
949 2479 1166 2559 praecipuam
1187 2476 1288 2539 luisse
1308 2480 1400 2559 quod

200 2598 244 2659 ad
270 2597 439 2660 dirissima
458 2599 723 2679 saevissimaque
743 2598 914 2661 credenda
934 2599 1023 2660 iusto
1043 2597 1142 2660 luerit
1163 2598 1312 2679 pronior,
1335 2599 1401 2660 iam

200 2719 284 2780 satis
317 2728 475 2782 accurate
511 2719 544 2781 in
576 2718 861 2801 praecedentibus
891 2717 1212 2794 demonstravimus;
1248 2738 1403 2781 nonnun-

201 2855 304 2916 quam
330 2837 377 2898 rei
401 2836 541 2899 alicuius
564 2846 644 2900 ante
669 2835 794 2899 multos
817 2855 927 2900 annos
950 2846 1107 2918 peractae
1132 2837 1299 2899 rationem
1324 2858 1400 2900 eum

202 2953 326 3036 fugisse
358 2955 501 3018 invitum
534 2956 611 3037 quis
642 2954 839 3019 mirabitur?
872 2956 944 3018 Iam
972 2976 1054 3018 vero
1077 2957 1185 3037 ipsam
1210 2956 1400 3018 orationem

202 3072 377 3136 Taciteam
398 3074 587 3137 identidem
609 3075 741 3137 efficere
761 3084 797 3137 ut
817 3083 936 3137 auctor
957 3075 1044 3137 male
1064 3074 1206 3156 intelligi
1224 3073 1276 3136 vel
1296 3075 1402 3156 possit

203 3192 254 3255 vel
288 3193 424 3268 debeat,
453 3195 487 3256 id
513 3214 595 3257 vero
620 3203 754 3257 tantum
778 3194 874 3256 abest
901 3202 937 3256 ut
961 3194 1159 3257 incredibile
1183 3196 1340 3258 videatur
1364 3204 1400 3257 ut

203 3334 269 3377 non
296 3314 403 3377 multo
427 3316 561 3397 saepius
586 3314 668 3378 illud
693 3314 848 3378 accidere
873 3315 945 3377 iure
970 3315 1139 3376 miremur.

254 3434 348 3497 Ann.
382 3432 444 3508 XI,
483 3449 535 3515 25.
571 3434 757 3514 ,Famosos
792 3434 925 3515 probris
960 3453 1108 3514 quonam
1145 3434 1247 3495 modo
1283 3442 1401 3495 senatu

203 3553 343 3635 pelleret
373 3554 495 3617 anxius
526 3553 721 3636 (Claudius),
754 3554 872 3615 mitem
900 3560 935 3614 et
960 3572 1078 3614 recens
1102 3560 1270 3633 repertam
1296 3573 1398 3633 quam

203 3694 242 3735 ex
266 3674 450 3736 severitate
474 3673 584 3755 prisca
604 3675 771 3761 rationem
792 3672 959 3746 adhibuit,
980 3671 1153 3733 monendo
1174 3691 1288 3732 secum
1309 3672 1397 3752 quis·

203 3813 265 3875 que
290 3795 333 3857 de
357 3814 393 3856 se
414 3793 621 3857 consultaret
642 3802 844 3876 peteretque
865 3794 914 3854 ius
935 3793 1082 3854 exuendi
1103 3791 1244 3868 ordinis3
1262 3793 1395 3856 facilem

204 3913 270 3975 eius
294 3913 340 3976 rei
365 3914 518 3988 veniam;
543 3922 577 3975 et
603 3922 714 3976 motos
737 3922 856 3975 senatu
882 3920 1130 3994 excusatosque
1153 3912 1250 3975 simul
1273 3935 1397 3997 propo-

204 4032 350 4107 siturum,
383 4042 421 4095 ut
452 4032 614 4095 iudicium
647 4053 827 4096 censorum
855 4052 894 4095 ac
919 4033 1030 4114 pudor
1053 4041 1176 4114 sponte
1202 4034 1395 4096 cedentium

205 4155 368 4232 permixta
392 4153 613 4234 ignominiam
639 4152 819 4216 molliret’‘.

245 4273 378 4347 Mirum,
411 4272 534 4347 hercle,
567 4273 755 4347 consilium,
788 4272 950 4353 quodque
979 4291 1021 4333 ne
1046 4293 1065 4333 a
1090 4271 1232 4335 Claudio
1256 4271 1395 4351 quidem

207 4401 387 4475 exspectes,
420 4392 553 4455 etiamsi
585 4414 621 4455 re
653 4413 733 4455 vera
764 4399 835 4453 tam
864 4390 969 4452 hebes
992 4392 1182 4474 stultusque
1207 4391 1268 4453 suit
1293 4412 1395 4473 quam
