3210 5274
795 356 835 424 57

205 528 316 582 tutem
341 539 401 582 eos
425 519 630 594 retrahendi,
655 519 747 583 Nero
772 520 860 583 inter
883 540 1010 601 paucos
1029 520 1111 601 quid
1132 522 1304 584 videretur
1325 541 1403 584 con·

204 639 355 703 sultavit.
381 639 514 702 Horum
537 660 624 703 unus
647 647 682 702 et
705 639 791 703 alter
815 640 916 721 paulo
940 640 1089 702 severior
1113 639 1283 703 clamabat
1293 641 1313 722 :)

247 761 468 823 tribuendum
488 760 627 843 aliquod
647 760 764 835 telum,
785 761 877 842 quod
898 761 1010 842 sperni
1032 769 1189 842 nequeat.
1211 760 1284 823 Nec
1299 780 1403 841 grave

204 881 421 944 manumissis
439 900 499 962 per
516 881 608 943 idem
623 880 825 962 obsequium
838 880 1006 943 retinendi
1020 879 1222 954 libertatem,
1237 899 1297 960 per
1310 881 1403 961 quod

204 1002 358 1064 adsecuti
390 1001 475 1063 sint:
507 1008 541 1063 at
566 1000 744 1063 criminum
770 997 966 1062 manifestos
992 999 1111 1061 merito
1135 999 1179 1060 ad
1203 999 1403 1062 servitutem

205 1121 342 1195 retrahi,
369 1128 405 1182 ut
430 1127 523 1182 metu
547 1127 778 1193 coerceantur,
803 1139 889 1200 quos
908 1117 1075 1181 beneficIa
1095 1139 1156 1180 non
1178 1119 1402 1181 mutavissent.

250 1237 307 1303 Sic
339 1239 527 1314 Mediceus,
560 1258 756 1320 perperam:
790 1258 857 1300 non
890 1238 980 1300 enim
1004 1236 1088 1299 mali
1110 1237 1197 1299 servi
1223 1238 1404 1300 manumit-

204 1366 323 1421 tuntur
352 1365 388 1420 ut
415 1357 571 1420 meliores
595 1357 688 1432 fiant,
714 1359 774 1419 sed
798 1357 919 1437 optimi
943 1356 1183 1418 tantummodo
1209 1356 1300 1437 („qui
1324 1363 1403 1418 sunt

203 1476 334 1539 liberali
360 1475 543 1558 ingenio’')‚
567 1496 627 1558 spe
652 1476 685 1538 in
711 1484 912 1557 perpetuum
937 1475 1022 1537 tales
1046 1495 1105 1537 eos
1127 1474 1266 1536 futuros.
1293 1474 1403 1537 Multo

203 1616 287 1678 ergo
320 1598 444 1660 rectius
475 1598 770 1670 commutavissent,
802 1596 894 1677 quod
926 1596 1030 1658 suasit
1063 1595 1256 1677 Madvigius
1287 1603 1321 1656 et

203 1715 372 1798 praebent
400 1714 637 1794 „deteriores”.
662 1715 822 1796 (Utrique
845 1722 961 1777 tamen
985 1713 1123 1775 lectioni
1148 1713 1288 1776 forsitan
1308 1733 1403 1795 prae-

201 1841 271 1896 stet
295 1834 443 1915 simplex
466 1834 705 1914 mutavissent).

249 1953 343 2015 Anu.
379 1953 476 2029 XIII,
512 1954 566 2031 48.
603 1952 755 2015 Auditae
792 1951 1054 2015 Puteolanorum
1090 1950 1286 2032 legationes,
1319 1969 1404 2032 quas

204 2074 357 2136 diversas
380 2073 463 2135 ordo
480 2072 574 2155 plebs
597 2072 640 2135 ad
665 2080 821 2134 senatum
846 2072 1016 2133 miserant.

249 2193 316 2255 Pro
336 2194 505 2273 asyndeto
524 2193 607 2255 ordo
620 2191 723 2275 plebs,
745 2192 838 2273 quod
856 2199 948 2253 certe
966 2190 1064 2254 huius
1076 2191 1142 2254 Ioci
1155 2210 1223 2253 non
1236 2199 1298 2265 est,
1311 2198 1402 2253 recte

206 2311 315 2374 altera
330 2311 477 2373 Medicei
492 2331 611 2374 manus
623 2319 658 2372 et
668 2311 807 2392 quidam
816 2311 1004 2373 Inferiores:
1018 2311 1100 2373 ordo
1105 2310 1259 2393 plebsque
1267 2309 1408 2372 habent.

252 2430 346 2493 Anu.
372 2429 451 2505 XV,
477 2444 528 2511 59.
554 2429 624 2512 (Ad
645 2429 731 2493 forte
752 2429 879 2492 facinus
903 2430 1058 2492 Pisonem
1079 2431 1161 2492 socii
1183 2430 1406 2493 adhortantur

207 2559 242 2612 et
267 2549 341 2612 aliis
365 2549 575 2630 argumentis
598 2557 632 2611 et
657 2549 751 2631 hoc):

251 2668 394 2730 Frustra
424 2667 595 2731 silentium
629 2678 664 2731 et
695 2668 798 2730 fidem
831 2670 865 2731 in
895 2677 948 2731 tot
981 2670 1194 2732 consciorum
1225 2669 1346 2732 animIs
1370 2677 1405 2731 et

204 2787 407 2870 corporibus
428 2799 584 2870 sperare:
605 2788 767 2850 cruciatui
788 2796 847 2850 aut
869 2788 1020 2869 praemio
1040 2796 1163 2850 cuncta
1183 2789 1300 2871 pervia
1320 2809 1403 2851 esse.

251 2907 362 2972 Unice
387 2928 505 2970 verum
530 2907 665 2969 videtur
688 2908 780 2989 quod
806 2907 992 2970 deteriores
1016 2907 1160 2970 habent:
1185 2909 1329 2990 sperari.

251 3027 297 3094 H.
323 3028 365 3102 11,
394 3045 444 3110 37.
471 3025 584 3109 (Quod
608 3028 732 3090 attinet
755 3028 798 3090 ad
824 3027 858 3089 id
883 3028 975 3109 quod
1002 3027 1153 3090 nonnulli
1178 3028 1326 3102 tradunt,
1348 3048 1403 3090 co-

205 3148 332 3229 gitasse
357 3146 488 3212 Vitellii
512 3154 547 3209 et
570 3145 718 3210 Othonis
740 3146 863 3209 milites
884 3148 927 3210 de
946 3147 1048 3209 armis
1068 3148 1236 3229 ponendis
1256 3156 1290 3210 et
1311 3147 1403 3211 bono

207 3267 323 3347 aliquo
348 3267 553 3348 imperatore
578 3266 747 3348 eligendo,
772 3266 854 3329 mihi
878 3266 1040 3329 credibile
1065 3287 1132 3329 non
1158 3268 1322 3348 videtum)

250 3384 384 3466 legatos
407 3405 446 3448 ac
472 3385 585 3460 duces,
611 3405 733 3467 magna
753 3406 796 3448 ex
817 3395 914 3467 parte
933 3386 1031 3448 luxus
1055 3388 1216 3467 egestatis
1239 3386 1403 3449 scelerum

206 3504 269 3567 sibi
302 3505 468 3579 conscios,
497 3505 559 3567 nisi
584 3505 752 3587 pollutum
776 3505 1046 3587 obstrictumque
1070 3507 1199 3569 meritis
1222 3506 1290 3567 suis
1314 3508 1403 3588 prin·

206 3624 319 3705 cipem
344 3642 512 3704 passuros.

251 3742 382 3823 Utique
406 3763 483 3805 cum
512 3742 777 3822 „deterioribus”
803 3743 984 3826 legendum
1009 3743 1164 3806 tatoribus.
1190 3742 1403 3808 Obstrictum

205 3862 297 3923 enim
326 3863 456 3925 meritis
478 3863 549 3924 suis
572 3862 761 3943 principem
786 3863 888 3924 etiam
913 3863 966 3924 vel
991 3863 1112 3944 optImi
1136 3864 1200 3926 sibi
1225 3873 1403 3946 expetunt,

206 3988 240 4042 at
268 3980 417 4043 moribus
439 3980 508 4042 suis
531 3980 733 4043 obstrictum
759 3982 947 4064 principem
974 3981 1059 4044 velle
1084 3983 1249 4046 malorum
1273 3993 1336 4046 est.

253 4100 297 4163 H.
323 4101 367 4174 ΙΙ,
395 4114 446 4180 53.
472 4099 590 4162 Novae
615 4101 816 4163 narrationis
839 4101 887 4163 sle
912 4100 949 4162 fit
973 4102 1124 4165 Initium:

252 4219 416 4283 Notabile
448 4220 636 4301 virgenium
669 4218 730 4282 luit
762 4239 830 4300 quo
861 4220 1011 4282 Licinius
1034 4220 1180 4284 Caecina
1205 4221 1404 4285 Marcellum

211 4339 351 4423 Eprium
374 4347 412 4401 ut
435 4337 596 4421 ambIgua
619 4339 842 4401 disserentem
868 4339 1000 4405 invasit.
