3210 5274
768 380 830 426 tto

242 541 403 623 Quaes‘ii
434 563 505 624 quo
535 544 640 604 modo
670 543 755 605 haec
785 544 874 605 inter
903 562 940 605 se
970 543 1203 605 cohaererent.
1232 541 1370 604 Tandem

199 662 287 724 hanc
318 683 392 724 esse
423 662 533 724 Taciti
565 674 716 725 mentem
740 663 910 725 intellexi:
938 682 1164 744 ,quamquam
1189 661 1253 724 illis
1277 663 1373 723 matri·

200 784 305 843 monii
336 784 501 863 regnique
531 782 652 844 vinclis
681 783 716 844 id
747 782 907 845 effectum
937 782 1044 844 videri
1075 791 1212 865 poterat
1245 790 1280 845 ut
1302 783 1376 845 inter

200 901 320 963 tratres
343 921 444 963 nemo
467 912 557 963 esset
580 903 675 963 cuius
698 922 906 984 magnopere
928 902 1107 965 interesset
1130 904 1207 983 quis
1227 910 1376 983 regnaret,

200 1043 302 1084 nemo
335 1023 394 1103 qui
430 1024 562 1104 imperii
598 1022 778 1084 obtinendi
813 1042 913 1085 causa
948 1022 1086 1084 insidias
1122 1031 1267 1085 strueret
1302 1021 1378 1083 tratri

201 1143 356 1224 regnanti
381 1178 424 1186 —
447 1154 482 1203 et
514 1143 579 1203 hoc
605 1143 826 1224 praecipuum
849 1151 902 1204 est
925 1142 1117 1224 principum
1141 1141 1324 1223 periculum
1346 1176 1379 1186 —

200 1273 316 1324 tamen
340 1262 421 1324 nulli
445 1281 564 1323 eorum
587 1262 785 1323 diuturnum
809 1261 871 1324 suit
891 1260 1103 1344 imperium”.

247 1382 339 1445 Anu.
361 1382 422 1445 tt'.
448 1399 497 1463 19
519 1381 670 1443 lntn'sum
689 1382 754 1443 sibi
774 1380 894 1446 Silium
914 1402 1009 1444 reum
1028 1381 1100 1444 heri
1112 1382 1209 1463 cupit
1222 1381 1379 1443 Tiberius:

250 1503 505 1582 ,immissusque
538 1501 648 1563 Varro
678 1501 807 1574 consul,
838 1503 895 1582 qui
927 1510 1086 1583 paternas
1116 1501 1311 1564 inimicitias
1332 1500 1380 1562 ob

201 1623 347 1684 tendens
369 1623 458 1683 odiis
481 1620 594 1684 Seiani
619 1640 680 1702 per
702 1622 854 1683 dedecus
876 1641 973 1682 suum
996 1619 1285 1702 gratificabatur”.

248 1743 393 1824 Insignis
416 1744 471 1804 hic
495 1742 589 1804 locus
612 1752 663 1802 est
687 1742 730 1802 ad
755 1741 1058 1804 demonstrandum
1082 1751 1295 1824 quantopere
1316 1760 1383 1804 cunt

202 1862 416 1944 temporibus
439 1872 613 1924 mutentur
636 1880 758 1922 mores
784 1861 873 1922 Nam
894 1881 993 1936 nunc,
1014 1861 1124 1942 primo
1144 1871 1296 1943 aspectu,
1316 1859 1386 1923 stul-

201 1993 257 2044 tus
276 1995 312 2043 et
332 1984 468 2062 ineptus
488 1981 587 2043 nobis
607 1981 662 2042 ille
682 1981 826 2053 ridetur,
840 1981 908 2061 qui,
923 2000 966 2041 ne
979 1999 1098 2060 parum
1110 1980 1256 2043 idoneus
1269 1981 1387 2044 dicatur

203 2116 390 2167 accusator.
434 2103 628 2162 inimicitias
667 2100 821 2163 obtrudat
854 2109 890 2163 et
922 2099 1055 2162 simulet
1089 2107 1260 2182 paternas,
1295 2109 1387 2181 atque

207 2233 360 2287 .tantum
384 2220 504 2283 abest”
527 2221 649 2302 aliquis
672 2222 797 2282 dixerit
824 2228 881 2285 ‚ut
905 2219 1072 2282 eiusmodi
1096 2219 1164 2282 sint
1183 2219 1390 2283 obtendenda

203 2342 410 2411 inimicitiae,
442 2352 479 2401 ut
511 2341 633 2421 potius,
662 2340 690 2400 si
714 2360 832 2401 revera
853 2339 978 2414 adsint,
1003 2340 1095 2401 omni
1120 2340 1226 2402 modo
1250 2341 1323 2404 illas
1344 2359 1391 2402 ac·

203 2473 338 2522 cusator
367 2459 583 2521 dissimulare
613 2459 739 2521 debeat
771 2478 815 2521 ne
845 2460 918 2521 iure
947 2457 1148 2521 reiiciatur”.
1182 2459 1295 2522 Varro
1318 2479 1392 2522 vcro

203 2591 254 2641 est
289 2601 332 2641 ex
369 2598 510 2640 numero
540 2578 751 2640 abiectorum
784 2579 924 2640 istorum
957 2578 1132 2641 hominum
1163 2579 1220 2660 qui
1255 2580 1390 2641 aliorum

203 2700 360 2781 periculis
395 2709 429 2760 et
466 2699 614 2780 pernicie
656 2718 807 2760 crescere
844 2698 981 2772 volunt3
1022 2707 1160 2762 accusat
1194 2718 1278 2781 ergo
1312 2718 1391 2782 quos

204 2821 346 2883 Seianus
371 2820 512 2901 perdere
537 2820 630 2901 cupit
655 2827 776 2900 estque
798 2818 988 2881 simillimus
1011 2818 1281 2882 Atheniensibus
1301 2839 1393 2902 syco-

207 2940 356 3021 phantis;
394 2960 475 3020 ergo
511 2938 643 3000 illorum
679 2940 784 3000 utitur
818 2958 985 3012 sermone,
1021 2939 1079 3020 qui
1114 2958 1218 3020 quam
1251 2941 1394 3002 maxime

206 3068 361 3119 metuunt
393 3079 435 3119 ne
466 3058 700 3139 sycophantae
732 3059 921 3121 videantur.
953 3057 1016 3122 cff.
1045 3059 1170 3140 Lysiae
1194 3068 1229 3122 et
1253 3061 1309 3123 alii
1334 3060 1395 3122 loci

205 3185 239 3237 et
264 3176 318 3237 hic
342 3177 439 3249 xlt',
462 3193 497 3238 2:
519 3177 580 3251 ἐγὼ
600 3176 716 3249 iti-arn,
736 3171 757 3237 ὦ
778 3176 884 3252 ἄνδρες
904 3176 1064 3254 texuerat,
1085 3176 1139 3240 καὶ
1160 3178 1305 3258 πρότερον
1326 3178 1395 3256 πρὸς

205 3293 274 3361 τοὺς
308 3296 447 3369 πκτὲρκς
469 3295 489 3375 ¹)
522 3296 594 3369 ἡμῖν
627 3294 780 3372 δικφερὶς
817 3294 1031 3374 ὑπαρχούσης,
1063 3296 1116 3358 xxi
1149 3295 1253 3360 ruitur
1292 3303 1396 3361 τοῦτον

206 3415 312 3494 ἐχθρὸν
337 3413 505 3490 ἡγεύμεκς
521 3464 529 3477 .
543 3464 550 3476 .
566 3464 573 3477 .
588 3463 595 3477 .
610 3465 617 3477 .
632 3414 820 3491 asteriscum
845 3413 971 3478 πάντων
991 3421 1049 3479 τῶν
1073 3416 1307 3495 πεπρκγμένων
1330 3418 1396 3493 μεθ’

207 3535 288 3608 ὑμῶν
312 3536 406 3597 αὐτὸν
431 3535 676 3610 τιμωρήσασθαι.

205 3687 424 3694 ——ffl

245 3763 269 3827 ι)
289 3763 375 3811 Verba
392 3764 551 3812 dubitationi
573 3763 688 3812 obnoxia
707 3772 767 3811 sunt
786 3762 956 3828 (quamquam
976 3764 1032 3829 ipse
1052 3765 1116 3830 quin
1139 3781 1197 3816 cunt
1219 3767 1397 3833 Frohbergero

205 3849 263 3906 πρὸς
281 3846 392 3905 πατέρων
410 3850 550 3912 legendum
569 3851 602 3898 sit
621 3867 671 3898 nou
688 3850 793 3916 dubito)
811 3852 857 3899 sed
876 3853 1007 3900 sententia
1025 3853 1177 3903 certissima.
