3210 5274
771 376 834 456 258

245 551 362 614 Verba
374 552 540 633 diffideret
550 555 716 618 enimvero
729 556 845 637 inepte
858 554 1004 636 repetita
1018 554 1147 616 dudum
1160 562 1403 635 expunxerunt

203 671 361 734 editores.
387 671 420 734 A
444 674 548 737 vitam
573 693 697 736 novam
722 683 794 737 tum
820 674 988 756 incipiunt
1012 673 1231 736 sententiam.
1258 672 1328 738 Sed
1353 693 1404 735 ac·

202 791 391 853 cusativunr
424 811 500 854 cum
525 791 694 855 infinitivo
716 794 821 857 vitam
835 793 1066 875 -probatam
1090 792 1178 855 male
1202 813 1282 855 cum
1309 813 1404 875 prae·

201 910 402 974 cedentibus
422 910 604 974 cohaerere
628 905 730 986 recte,
752 921 790 976 ut
813 913 972 994 equidem
997 932 1131 986 cense0,
1157 912 1313 975 nonnulli
1339 920 1404 974 sta·

200 1038 348 1092 tuerunt.
382 1028 449 1093 Sed
482 1032 574 1112 quod
605 1052 735 1095 amasse
767 1032 821 1094 vel
851 1033 956 1115 egisse
987 1033 1200 1094 inseruerunt
1234 1032 1327 1113 (ante
1352 1032 1405 1094 vel

202 1159 279 1232 post
309 1149 425 1231 vitam)
458 1170 578 1231 parum
610 1151 796 1234 probabilis
827 1172 868 1214 ea
899 1152 1096 1214 emendatio
1120 1152 1266 1215 videtur.
1294 1152 1406 1214 Multo

201 1278 293 1332 certe
318 1269 445 1332 leniore
473 1270 643 1333 medicina
665 1272 713 1333 sic
737 1270 831 1333 locus
856 1271 1044 1333 restituitur
1067 1271 1100 1333 in
1126 1270 1316 1352 integrum:

251 1391 443 1469 ,enimvero
474 1389 630 1453 liberales
662 1410 797 1473 semper
828 1388 945 1472 epulas
974 1389 1135 1452 struxisse
1160 1390 1233 1452 vita
1256 1409 1407 1453 amoena

203 1517 238 1571 et
262 1509 353 1571 duris
376 1509 544 1571 iudicibus
567 1529 687 1590 parum
711 1509 878 1592 probata”

247 1636 284 1690 ut
315 1629 386 1692 vita
409 1649 544 1692 amoena
566 1641 597 1692 et
693 1629 838 1711 probata
860 1630 903 1691 sit
928 1628 1098 1692 ablativus
1122 1627 1312 1704 absolutus,
1337 1648 1406 1710 qua

204 1749 289 1811 ratio
315 1747 479 1811 redditur.

251 1986 295 2049 A.
324 1986 402 2060 XV,
430 2002 489 2068 59:

253 2108 391 2187 ,Fuere
424 2107 481 2188 qui
515 2106 651 2188 prodita
682 2105 925 2179 coniuratione,
960 2107 1040 2168 dum
1072 2106 1208 2168 auditur
1235 2106 1406 2181 Milichus,

205 2228 286 2290 dum
307 2226 442 2290 dubitat
462 2224 656 2299 Scaevinus,
678 2224 895 2287 hortarentur
916 2224 1075 2286 Pisonem
1088 2245 1232 2306 pergere
1247 2226 1280 2287 in
1295 2235 1406 2288 castra

205 2355 263 2409 aut
287 2356 395 2408 rostra
419 2345 601 2407 escendere
625 2344 805 2426 studiaque
832 2342 977 2406 militum
1001 2352 1036 2406 et
1062 2344 1179 2426 populi
1201 2343 1407 2426 temptare.'’

249 2467 339 2528 Dum
371 2465 499 2528 dubitat
530 2462 716 2527 Scaevinus.
742 2461 832 2544 Quid
859 2462 910 2525 his
934 2462 1076 2524 vocibus
1098 2461 1333 2544 significatur?
1359 2463 1407 2528 Ut

205 2587 327 2667 opinor
358 2584 523 2658 condicio,
549 2584 583 2645 in
607 2603 674 2664 qua
698 2590 850 2645 versatur
875 2580 1061 2646 Scaevinus
1085 2601 1128 2643 eo
1152 2590 1312 2664 tempore
1338 2602 1406 2664 quo

208 2703 364 2765 Milichus
386 2704 612 2783 interrogatur
631 2701 781 2784 paulove'
798 2710 926 2783 postea,
948 2710 1041 2764 certe
1062 2709 1141 2763 ante
1163 2700 1245 2763 illu'd
1267 2710 1407 2784 tempus

205 2842 274 2904 quo
298 2823 467 2903 responsis
492 2821 632 2897 Natalis,
659 2841 736 2884 cum
760 2821 863 2903 ipsius
887 2840 955 2882 non
980 2821 1247 2901 congruentibus
1272 2821 1315 2902 (c.
1340 2822 1403 2902 56),

205 2941 354 3026 confiteri
373 2941 521 3022 cogitur:
547 2960 626 3002 nam
646 2948 719 3002 tum
740 2948 831 3002 certe
852 2939 1005 3002 dubitare
1025 2939 1134 3001 desiit.
1161 2937 1264 3020 Quod
1285 2949 1404 3002 autem

204 3063 248 3123 ad
273 3062 383 3144 ipsum
408 3061 488 3123 illud
515 3061 663 3142 pertinet
683 3069 829 3142 tempus,
850 3079 918 3141 quo
939 3079 959 3121 a
982 3057 1121 3122 Milicho
1142 3068 1194 3121 est
1215 3060 1408 3124 indicatus:

206 3181 320 3244 statim
341 3189 413 3243 tum
433 3181 476 3242 ad
498 3171 670 3242 Neronem
692 3188 744 3242 est
757 3179 925 3242 adductus
937 3178 1069 3260 (raptus
1074 3190 1140 3261 per
1153 3178 1274 3242 milites
1286 3199 1316 3243 c.
1334 3183 1408 3263 55);

206 3299 259 3362 hic
284 3301 331 3362 ita
355 3300 503 3381 loquitur
527 3308 564 3362 ut
585 3320 613 3361 e.
627 3319 655 3361 c.
676 3299 804 3382 effugia
823 3318 983 3379 quaerere
1003 3297 1069 3359 dici
1091 3299 1207 3379 possit,
1231 3318 1299 3360 non
1323 3320 1408 3363 vero

203 3419 365 3483 dubitare.
391 3417 501 3500 Quem
527 3417 687 3480 effectum
711 3416 767 3479 illa
788 3415 911 3497 effugia
932 3415 1113 3478 habuerint
1131 3415 1270 3478 Tacitus
1291 3419 1410 3481 verbis

202 3552 239 3603 ut
268 3509 397 3602 labaret
428 3539 585 3601 indicium
618 3538 659 3619 (c.
686 3551 722 3617 55
757 3535 855 3618 extr.)
888 3535 1066 3617 perspicue
1098 3534 1266 3611 declarat;
1298 3546 1408 3619 atque

203 3668 318 3722 nostro
343 3658 418 3721 loco
445 3678 515 3720 rem
541 3657 639 3719 nobis
665 3676 737 3718 esse
761 3674 839 3717 cum
863 3674 904 3716 eo
929 3662 1085 3736 tempore
1109 3655 1202 3736 quod
1227 3654 1288 3718 luit
1311 3665 1409 3738 post·

201 3799 305 3860 quam
324 3776 437 3840 labare
451 3776 613 3839 indicium
628 3776 743 3857 coepit
756 3783 790 3837 et
803 3783 989 3855 antequam
1002 3772 1188 3837 Scaevinus
1201 3774 1409 3858 Natalisque

202 3897 325 3959 diversi
359 3896 556 3978 interrogati
590 3904 699 3958 totam
730 3893 999 3957 coniurationem
1023 3902 1228 3975 aperuerunt
1253 3914 1305 3957 res
1332 3896 1409 3984 ipsa

203 4016 337 4077 clamat.
372 4015 420 4077 At
452 4015 486 4076 in
511 4015 592 4076 illud
617 4024 753 4096 tempus
774 4013 949 4076 dubitandi
971 4010 1112 4075 verbum
1137 4032 1205 4075 non
1230 4015 1407 4092 convenit,

203 4155 314 4216 neque
339 4121 478 4196 omnino
504 4134 617 4208 ullum,
643 4155 711 4215 quo
729 4135 851 4216 facere
875 4131 1002 4213 aliquid
1028 4129 1214 4194 Scaevinus
1237 4132 1408 4214 significe-

203 4263 266 4315 tur.
290 4253 338 4317 Ut
360 4254 426 4315 iam
447 4254 615 4330 dicebam,
636 4255 817 4336 requiritur
833 4253 976 4316 verbum
987 4262 1111 4314 statum
1125 4253 1407 4336 condicionemque

202 4370 358 4435 Scaevini
391 4372 554 4435 indicans.
590 4375 789 4454 Legendum
822 4394 895 4435 esse
930 4373 1100 4454 suspicor:
1141 4373 1241 4453 ,dum
1278 4374 1405 4437 dubius
