3210 5274
749 368 767 430 8

158 545 258 608 fuisse
285 542 442 608 Ostiensis
466 543 616 607 cohortis
629 543 764 627 partes?
785 545 846 608 Illa
866 554 979 633 utrum
999 566 1040 609 eo
1061 554 1217 629 tempore
1238 546 1356 611 Ostiae

158 664 258 728 suerit
289 665 391 727 etiam
423 684 465 726 an
497 665 530 726 in
563 664 676 746 aliquo
709 665 800 727 urbis
831 665 907 728 loco
940 666 993 728 vel
1027 686 1134 749 prope
1166 667 1284 729 urbem
1314 668 1358 729 sit

158 786 337 848 deversata
361 803 429 846 non
455 783 627 858 docemur,
653 804 763 865 neque
787 785 831 847 ad
856 784 942 847 hanc
968 786 1107 866 quidem
1128 787 1357 848 narrationem

158 904 414 987 intelligendam
439 904 626 986 quidquam
648 912 763 967 nostra
783 905 868 967 scire
890 905 1040 967 interest.
1062 906 1100 967 In
1121 907 1243 968 castris
1254 918 1358 989 prae·
1395 981 1398 986 Ι

158 1026 257 1088 tortis
287 1024 439 1086 oriuntur
471 1023 591 1086 turbae
623 1024 717 1098 istae,
750 1045 769 1086 a
800 1025 922 1088 castris
938 1023 1140 1106 praetoriis,
1166 1034 1358 1106 quaesunt

158 1144 207 1206 ad
235 1142 358 1216 urbem,
391 1140 557 1203 Palatium
589 1151 711 1223 petunt
729 1144 954 1225 praetoriani.
980 1142 1026 1205 Et
1050 1163 1091 1205 ne
1115 1143 1191 1225 quis
1217 1144 1358 1206 miretur

159 1263 223 1325 hoc
244 1261 319 1324 illos
338 1263 485 1344 spatium
505 1263 595 1342 equis
614 1281 779 1337 emensos,
801 1262 959 1344 inspiciat
978 1262 1088 1324 Taciti
1101 1282 1130 1325 c.
1143 1278 1188 1341 40
1202 1262 1356 1326 eiusdem

159 1382 244 1456 libri,
271 1381 327 1444 ubi
352 1382 395 1443 de
420 1382 643 1463 praetorianis
667 1381 751 1444 haec
776 1391 969 1444 narrantur:

204 1500 333 1579 Othoni
353 1500 474 1563 armari
495 1498 631 1581 plebem
652 1501 881 1563 nuntiabatur.
904 1501 956 1563 Ire
977 1501 1180 1582 praecipites
1200 1509 1236 1563 et
1256 1520 1358 1563 occu-

160 1642 241 1703 pare
260 1619 408 1703 pericula
428 1619 532 1681 iubet.
555 1620 661 1701 Igitur
683 1619 806 1682 milites
828 1620 984 1694 Romani,
1006 1621 1101 1701 quasi
1123 1619 1356 1702 Vologaesum

158 1747 216 1801 aut
250 1739 413 1801 Pacorum
437 1739 530 1801 avito
554 1739 796 1802 Arsacidarum
820 1738 905 1801 solio
931 1739 1114 1822 depulsuri,
1138 1760 1177 1802 ac
1202 1759 1270 1801 non
1294 1741 1357 1801 im·
1385 1812 1388 1816 Α

160 1866 352 1940 peratorem
364 1877 461 1920 suum
474 1860 638 1922 inermem
652 1868 687 1921 et
699 1879 815 1921 senem
828 1859 997 1922 trucidare
1010 1867 1202 1941 pergerent,
1214 1859 1358 1921 disiecta
1372 1921 1379 1935 ,

160 1979 269 2062 plebe,
306 1978 503 2060 proculcato
538 1984 658 2039 senatu
690 1984 802 2039 truces
835 1977 946 2052 armis,
977 1976 1086 2058 rapidi
1118 1977 1214 2057 equis
1245 1975 1357 2038 sorum

160 2101 359 2181 inrumpunt
374 2097 406 2180 ¹).

205 2218 254 2280 At
286 2215 484 2280 Plutarchus
518 2213 611 2279 Ostia
643 2213 888 2277 tumultuantes
920 2213 995 2277 illos
1026 2214 1203 2277 advolasse
1232 2213 1357 2277 milites

160 2338 273 2411 tradit,
310 2338 366 2418 qui
403 2355 495 2399 error
530 2343 741 2417 quantopere
776 2342 887 2398 totam
918 2334 1094 2417 perturbet
1127 2334 1369 2396 narrationem·

159 2457 270 2539 quivis
301 2456 468 2518 coniicere
497 2462 620 2536 potest.
647 2455 695 2516 At
720 2454 895 2535 quomodo
919 2463 1018 2516 natus
1042 2453 1098 2516 ille
1122 2451 1194 2516 est?
1220 2451 1358 2517 Scilicet

160 2577 250 2659 apud
272 2575 430 2638 Tacitum
450 2572 566 2654 legens
587 2574 699 2636 urbem
720 2594 759 2636 ac
778 2573 952 2637 Palatium
966 2585 1087 2656 petunt
1105 2593 1172 2636 non
1188 2571 1358 2635 intellexit

161 2693 359 2758 Plutarchus
390 2692 455 2754 hoc
487 2692 599 2754 dicere
632 2701 806 2755 auctorem
838 2712 952 2755 suum:
989 2693 1203 2772 „interiorem
1235 2700 1359 2773 petunt

159 2813 251 2876 urbis
274 2821 406 2895 partem
427 2819 530 2892 atque
552 2831 627 2874 eam
648 2812 706 2874 ubi
728 2810 893 2874 Palatium
913 2811 987 2874 est”
1008 2812 1110 2875 etsie
1132 2830 1171 2874 ea
1192 2810 1360 2873 vocabula

160 2934 262 2995 vertit
287 2931 432 2996 Graece:
458 2929 588 3005 ἤλαυνον
613 2931 654 2999 εἰς
680 2931 735 3000 τὴν
761 2930 880 3006 Ῥώμην
905 2940 1008 3013 atque
1030 2931 1222 3014 Crispinum
1248 2927 1361 2994 Ostiae

161 3050 316 3113 vehicula
339 3051 441 3113 armis
466 3059 665 3113 onerantem
690 3049 771 3113 iacit
787 3046 822 3131 ²).

205 3170 376 3252 Paulisper
407 3191 460 3232 me
493 3171 526 3232 in
558 3170 622 3232 hoc
654 3169 730 3232 loco
761 3169 943 3232 subsistere
976 3168 1062 3231 velle
1091 3170 1264 3233 dicebam:
1292 3170 1355 3252 ipsi

160 3290 241 3351 mihi
278 3290 359 3372 quid
396 3291 429 3353 in
465 3311 506 3353 eo
542 3290 688 3371 legendo
720 3290 967 3370 tractandoque
997 3289 1159 3352 acciderit
1192 3290 1336 3352 narrabo
1346 3317 1355 3366 3
1388 3369 1391 3373 .

159 3408 324 3470 eiusmodi
356 3410 446 3471 enim
479 3408 560 3472 illud
592 3418 642 3471 est
668 3418 705 3472 ut
729 3408 1018 3472 Woelfflinianum
1042 3408 1219 3471 inventum
1244 3428 1355 3471 corro-

160 3528 274 3601 boret,
318 3536 409 3591 certe
451 3547 518 3590 non
557 3529 734 3609 indignum
767 3528 901 3591 videtur
932 3528 1023 3609 quod
1056 3547 1133 3589 cum
1164 3527 1356 3608 legentibus

159 3646 418 3708 communicem.
444 3647 602 3710 Fortasse
628 3668 670 3711 ne
691 3649 755 3731 ipsi
779 3647 918 3729 quidem
944 3644 1161 3721 Woelfflinio,
1183 3656 1357 3729 praestan·

158 3766 288 3827 tissimo
314 3766 395 3841 viro,
422 3768 560 3849 cognitu
585 3768 755 3849 ingratum
779 3767 852 3829 erit.

197 4035 222 4101 ι)
242 4036 282 4084 Cf.
302 4036 372 4086 Suet.
393 4036 479 4085 Galba
501 4049 543 4099 19:
565 4037 668 4101 equites
688 4037 783 4101 quibus
803 4037 925 4086 mandate
943 4037 1036 4087 caedes
1054 4048 1117 4086 erat.

194 4121 222 4188 2)
241 4123 380 4172 Suetonius
395 4122 428 4172 Ο.
444 4121 460 4171 8
476 4123 619 4172 rectissime
637 4124 664 4173 in
681 4125 829 4174 narratione
844 4124 876 4172 de
888 4124 939 4173 hoc
950 4124 1062 4173 tumultu
1072 4122 1234 4172 Ostiensium
1243 4124 1356 4172 militum

157 4209 317 4258 mentionem
336 4209 398 4258 facit
417 4209 523 4257 nullam.
544 4211 584 4258 De
604 4211 715 4259 consilio
734 4226 805 4259 arma
823 4210 868 4259 illa
886 4226 900 4259 e
917 4210 1047 4275 praetorio
1064 4210 1171 4274 petendi
1188 4225 1254 4274 quae
1269 4218 1356 4260 namet

158 4294 237 4358 paulo
262 4302 323 4343 sunt
347 4295 511 4359 obscuriore;
537 4295 583 4344 sed
608 4313 656 4344 cur
680 4312 694 4345 e
720 4298 850 4361 praetorio
875 4297 928 4346 sint
951 4297 1035 4362 petita
1058 4311 1128 4345 nunc
1152 4312 1206 4345 non
1228 4312 1356 4363 curamus,

157 4379 298 4429 dummodo
318 4380 378 4429 inde
396 4381 479 4444 petita
497 4388 607 4430 constet.
