3210 5274
679 363 719 444 ⁶5

100 545 269 607 incertum
301 543 374 618 suit,
398 563 475 606 cum
501 563 544 605 ex
569 562 629 605 usu
653 542 818 624 temporis
842 542 907 604 huc
932 542 1009 605 illuc
1034 553 1198 620 mearent,
1222 545 1298 627 glis·

99 671 219 726 cerent
245 682 387 727 numero
413 670 447 725 et
472 662 657 743 aliquando
683 663 923 724 minuerentur.

148 782 347 865 Lipsianum
370 783 487 865 suerit
510 802 571 863 pro
587 781 665 862 suit
688 782 765 844 ideo
790 782 941 864 recipere
965 784 1058 863 quod
1084 783 1161 857 XV,
1185 802 1224 861 41
1254 783 1298 845 le-

99 911 201 985 gatur
231 902 325 966 leand
346 913 541 986 promptum
565 901 682 983 suerit
712 902 1002 982 perversissimum
1034 910 1095 964 est.
1126 902 1201 965 Hoc
1227 902 1298 965 vult

100 1021 257 1085 Tacitus:
294 1033 454 1096 auctores,
490 1040 576 1102 quos
607 1040 741 1101 sequor,
773 1030 928 1084 accurate
960 1021 1092 1084 illarum
1124 1022 1298 1103 copiarum

99 1143 186 1204 inire
210 1161 388 1204 numerum
412 1161 474 1203 non
493 1152 683 1223 potuerunt.
710 1138 938 1203 Soloecismus
961 1142 1110 1204 videtur:
1133 1140 1298 1205 incertum

92 1261 212 1342 fuerit
234 1281 311 1323 curn
337 1271 495 1323 mearent.

148 1379 240 1441 Ann.
261 1379 320 1455 VI,
344 1394 394 1461 35.
415 1379 601 1441 Enimvero
620 1379 712 1461 apud
734 1377 906 1443 Sarmatas
926 1400 993 1443 non
1015 1401 1081 1443 una
1101 1401 1169 1443 vox
1187 1381 1298 1444 ducis:

99 1518 138 1561 se
158 1498 302 1579 quisque
322 1497 508 1573 stimulant,
530 1518 572 1561 ne
593 1518 742 1580 pugnam
763 1519 824 1580 per
842 1500 984 1580 sagittas
1003 1500 1152 1562 sinerent
1168 1500 1298 1581 impetu

100 1626 138 1680 et
161 1618 316 1681 cominus
339 1618 641 1699 praeveniendum.

148 1735 214 1799 Hic
238 1757 302 1819 ego
327 1736 484 1799 Beroaldi
508 1739 738 1800 coniecturam
763 1737 887 1800 inirent
909 1757 971 1819 pro
993 1739 1139 1802 sinerent
1161 1739 1299 1801 minime

100 1856 316 1938 probandam
348 1876 482 1919 censeo.
517 1856 592 1918 Hoc
624 1857 715 1918 enirn
748 1854 923 1919 Sarmatae
947 1856 1112 1920 clamant:
1142 1858 1298 1937 „obviam

100 1976 217 2038 eundo
248 1975 403 2038 hostibus
433 1984 468 2038 et
500 1977 630 2057 impetu
661 1975 818 2059 faciendo
849 1976 1090 2058 prohibeamus
1118 1979 1299 2059 quominus

101 2096 270 2179 proelium
303 2104 414 2159 totum
447 2096 490 2158 sit
520 2093 804 2178 sagittariorum’'.
839 2096 1002 2159 Maiorem
1035 2098 1299 2175 distinctionem,

102 2235 191 2296 quae
218 2215 321 2297 vulgo
345 2222 424 2297 post
446 2215 591 2277 sinerent
615 2215 762 2295 ponitur,
787 2217 1030 2279 removendam
1055 2217 1210 2280 arbitror.
