<?xml version="1.0" encoding="UTF-8"?>
<!DOCTYPE html PUBLIC "-//W3C//DTD XHTML 1.0 Transitional//EN"
    "http://www.w3.org/TR/xhtml1/DTD/xhtml1-transitional.dtd">
<html xmlns="http://www.w3.org/1999/xhtml" xml:lang="en" lang="en">
 <head>
  <title>
</title>
<meta http-equiv="Content-Type" content="text/html;charset=utf-8" />
  <meta name='ocr-system' content='tesseract 3.04.00' />
  <meta name='ocr-capabilities' content='ocr_page ocr_carea ocr_par ocr_line ocrx_word'/>
</head>
<body>
  <div class='ocr_page' id='page_1' title='image "./analectatacitea00hartgoog_0079.png"; bbox 0 0 3210 5274; ppageno 0'>
   <div class='ocr_carea' id='block_1_1' title="bbox 780 343 822 406">
    <p class='ocr_par' dir='ltr' id='par_1_1' title="bbox 780 343 822 406">
     <span class='ocr_line' id='line_1_1' title="bbox 780 343 822 406; baseline -0.024 0"><span class='ocrx_word' id='word_1_1' title='bbox 780 343 822 406; x_wconf 86' lang='lat'>68</span> 
     </span>
    </p>
   </div>
   <div class='ocr_carea' id='block_1_2' title="bbox 199 517 1402 2252">
    <p class='ocr_par' dir='ltr' id='par_1_2' title="bbox 199 517 1400 1299">
     <span class='ocr_line' id='line_1_2' title="bbox 199 517 1398 603; baseline -0.002 -24"><span class='ocrx_word' id='word_1_2' title='bbox 199 517 298 579; x_wconf 86' lang='lat' dir='ltr'>amici</span> <span class='ocrx_word' id='word_1_3' title='bbox 334 518 534 593; x_wconf 84' lang='lat' dir='ltr'>suadebant,</span> <span class='ocrx_word' id='word_1_4' title='bbox 571 528 609 583; x_wconf 91' lang='lat' dir='ltr'>ut</span> <span class='ocrx_word' id='word_1_5' title='bbox 643 521 774 603; x_wconf 89' lang='lat' dir='ltr'><strong>aliquot</strong></span> <span class='ocrx_word' id='word_1_6' title='bbox 809 522 881 583; x_wconf 92' lang='lat' dir='ltr'>dies</span> <span class='ocrx_word' id='word_1_7' title='bbox 917 519 959 581; x_wconf 87' lang='lat' dir='ltr'>ad</span> <span class='ocrx_word' id='word_1_8' title='bbox 992 518 1207 580; x_wconf 90' lang='lat' dir='ltr'>moriendum</span> <span class='ocrx_word' id='word_1_9' title='bbox 1241 524 1398 588; x_wconf 87' lang='lat' dir='ltr'>sumeret,</span> 
     </span>
     <span class='ocr_line' id='line_1_3' title="bbox 201 635 1399 722; baseline -0.001 -25"><span class='ocrx_word' id='word_1_10' title='bbox 201 635 402 699; x_wconf 88' lang='lat' dir='ltr'>beneficium</span> <span class='ocrx_word' id='word_1_11' title='bbox 427 639 617 704; x_wconf 82' lang='lat' dir='ltr'><em>intendisset</em></span> <span class='ocrx_word' id='word_1_12' title='bbox 640 640 660 701; x_wconf 91' lang='lat' dir='ltr'>i.</span> <span class='ocrx_word' id='word_1_13' title='bbox 674 661 703 703; x_wconf 90' lang='lat' dir='ltr'>e.</span> <span class='ocrx_word' id='word_1_14' title='bbox 729 641 829 722; x_wconf 89' lang='lat' dir='ltr'>plane</span> <span class='ocrx_word' id='word_1_15' title='bbox 853 639 978 701; x_wconf 91' lang='lat' dir='ltr'>abusus</span> <span class='ocrx_word' id='word_1_16' title='bbox 1001 658 1043 700; x_wconf 92' lang='lat' dir='ltr'>eo</span> <span class='ocrx_word' id='word_1_17' title='bbox 1067 644 1173 712; x_wconf 87' lang='lat' dir='ltr'>esset;</span> <span class='ocrx_word' id='word_1_18' title='bbox 1198 656 1302 709; x_wconf 92' lang='lat' dir='ltr'>nunc,</span> <span class='ocrx_word' id='word_1_19' title='bbox 1322 636 1399 696; x_wconf 91' lang='lat' dir='ltr'>dum</span> 
     </span>
     <span class='ocr_line' id='line_1_4' title="bbox 201 755 1400 841; baseline -0.001 -24"><span class='ocrx_word' id='word_1_20' title='bbox 201 765 345 818; x_wconf 90' lang='lat' dir='ltr'>mortem</span> <span class='ocrx_word' id='word_1_21' title='bbox 377 757 439 818; x_wconf 91' lang='lat' dir='ltr'>sibi</span> <span class='ocrx_word' id='word_1_22' title='bbox 469 759 648 821; x_wconf 90' lang='lat' dir='ltr'>consciscit</span> <span class='ocrx_word' id='word_1_23' title='bbox 674 759 731 822; x_wconf 94' lang='lat' dir='ltr'>illo</span> <span class='ocrx_word' id='word_1_24' title='bbox 755 768 911 841; x_wconf 89' lang='lat' dir='ltr'>tempore</span> <span class='ocrx_word' id='word_1_25' title='bbox 933 757 1188 820; x_wconf 87' lang='lat' dir='ltr'>usitatissimam</span> <span class='ocrx_word' id='word_1_26' title='bbox 1214 764 1251 817; x_wconf 89' lang='lat' dir='ltr'>et</span> <span class='ocrx_word' id='word_1_27' title='bbox 1277 755 1400 817; x_wconf 88' lang='lat' dir='ltr'>brevis·</span> 
     </span>
     <span class='ocr_line' id='line_1_5' title="bbox 199 875 1398 962; baseline -0.001 -26"><span class='ocrx_word' id='word_1_28' title='bbox 199 876 331 949; x_wconf 87' lang='lat' dir='ltr'>simam,</span> <span class='ocrx_word' id='word_1_29' title='bbox 356 877 498 941; x_wconf 77' lang='lat' dir='ltr'>remittit</span> <span class='ocrx_word' id='word_1_30' title='bbox 519 878 706 962; x_wconf 84' lang='lat' dir='ltr'>beneficium</span> <span class='ocrx_word' id='word_1_31' title='bbox 732 880 752 940; x_wconf 92' lang='lat' dir='ltr'>i.</span> <span class='ocrx_word' id='word_1_32' title='bbox 766 899 795 940; x_wconf 90' lang='lat' dir='ltr'>e.</span> <span class='ocrx_word' id='word_1_33' title='bbox 822 898 921 960; x_wconf 90' lang='lat' dir='ltr'>parce</span> <span class='ocrx_word' id='word_1_34' title='bbox 945 886 980 939; x_wconf 93' lang='lat' dir='ltr'>et</span> <span class='ocrx_word' id='word_1_35' title='bbox 1004 875 1197 939; x_wconf 87' lang='lat' dir='ltr'>verecunde</span> <span class='ocrx_word' id='word_1_36' title='bbox 1222 896 1266 938; x_wconf 89' lang='lat' dir='ltr'>eo</span> <span class='ocrx_word' id='word_1_37' title='bbox 1286 876 1398 937; x_wconf 91' lang='lat' dir='ltr'>utitur.</span> 
     </span>
     <span class='ocr_line' id='line_1_6' title="bbox 199 993 1399 1079; baseline 0 -24"><span class='ocrx_word' id='word_1_38' title='bbox 199 993 248 1055; x_wconf 86' lang='lat' dir='ltr'>Cf.</span> <span class='ocrx_word' id='word_1_39' title='bbox 276 993 318 1056; x_wconf 87' lang='lat' dir='ltr'>A.</span> <span class='ocrx_word' id='word_1_40' title='bbox 346 995 369 1068; x_wconf 95' lang='lat' dir='ltr'>l,</span> <span class='ocrx_word' id='word_1_41' title='bbox 396 997 432 1057; x_wconf 90' lang='lat'>8:</span> <span class='ocrx_word' id='word_1_42' title='bbox 461 995 704 1074; x_wconf 80' lang='lat' dir='ltr'>„Conclamant</span> <span class='ocrx_word' id='word_1_43' title='bbox 729 1007 843 1079; x_wconf 89' lang='lat' dir='ltr'>patres</span> <span class='ocrx_word' id='word_1_44' title='bbox 867 1017 990 1079; x_wconf 92' lang='lat' dir='ltr'>corpus</span> <span class='ocrx_word' id='word_1_45' title='bbox 1014 995 1187 1078; x_wconf 85' lang='lat' dir='ltr'>(Augusti)</span> <span class='ocrx_word' id='word_1_46' title='bbox 1211 995 1256 1056; x_wconf 91' lang='lat' dir='ltr'>ad</span> <span class='ocrx_word' id='word_1_47' title='bbox 1284 1013 1399 1075; x_wconf 86' lang='lat' dir='ltr'>rogum</span> 
     </span>
     <span class='ocr_line' id='line_1_7' title="bbox 200 1114 1400 1197; baseline 0 -22"><span class='ocrx_word' id='word_1_48' title='bbox 200 1116 324 1176; x_wconf 90' lang='lat' dir='ltr'>umeris</span> <span class='ocrx_word' id='word_1_49' title='bbox 340 1124 533 1179; x_wconf 90' lang='lat' dir='ltr'>senatorum</span> <span class='ocrx_word' id='word_1_50' title='bbox 552 1117 739 1180; x_wconf 82' lang='lat' dir='ltr'>ferendum.</span> <span class='ocrx_word' id='word_1_51' title='bbox 757 1119 897 1181; x_wconf 89' lang='lat' dir='ltr'>Remisit</span> <span class='ocrx_word' id='word_1_52' title='bbox 913 1116 1077 1180; x_wconf 86' lang='lat' dir='ltr'>Caesare.</span> <span class='ocrx_word' id='word_1_53' title='bbox 1091 1136 1124 1197; x_wconf 93' lang='lat' dir='ltr'>q.</span> <span class='ocrx_word' id='word_1_54' title='bbox 1138 1114 1186 1177; x_wconf 88' lang='lat' dir='ltr'>s.”</span> <span class='ocrx_word' id='word_1_55' title='bbox 1201 1116 1221 1177; x_wconf 93' lang='lat' dir='ltr'>i.</span> <span class='ocrx_word' id='word_1_56' title='bbox 1235 1135 1266 1176; x_wconf 87' lang='lat' dir='ltr'>e.</span> <span class='ocrx_word' id='word_1_57' title='bbox 1281 1115 1400 1176; x_wconf 91' lang='lat' dir='ltr'>nimios</span> 
     </span>
     <span class='ocr_line' id='line_1_8' title="bbox 202 1235 605 1299; baseline 0.01 -3"><span class='ocrx_word' id='word_1_58' title='bbox 202 1235 277 1297; x_wconf 93' lang='lat' dir='ltr'>illos</span> <span class='ocrx_word' id='word_1_59' title='bbox 301 1235 449 1298; x_wconf 87' lang='lat' dir='ltr'>honores</span> <span class='ocrx_word' id='word_1_60' title='bbox 474 1238 605 1299; x_wconf 91' lang='lat' dir='ltr'>minuit.</span> 
     </span>
    </p>

    <p class='ocr_par' dir='ltr' id='par_1_3' title="bbox 200 1351 1400 1677">
     <span class='ocr_line' id='line_1_9' title="bbox 247 1351 1400 1438; baseline -0.003 -22"><span class='ocrx_word' id='word_1_61' title='bbox 247 1355 323 1435; x_wconf 94' lang='lat' dir='ltr'>lpse</span> <span class='ocrx_word' id='word_1_62' title='bbox 351 1355 406 1417; x_wconf 89' lang='lat' dir='ltr'>ille</span> <span class='ocrx_word' id='word_1_63' title='bbox 431 1355 525 1418; x_wconf 91' lang='lat' dir='ltr'>locus</span> <span class='ocrx_word' id='word_1_64' title='bbox 549 1357 658 1437; x_wconf 86' lang='lat' dir='ltr'>(XVI,</span> <span class='ocrx_word' id='word_1_65' title='bbox 683 1357 725 1438; x_wconf 89' lang='lat'>9),</span> <span class='ocrx_word' id='word_1_66' title='bbox 751 1377 853 1438; x_wconf 91' lang='lat' dir='ltr'>quem</span> <span class='ocrx_word' id='word_1_67' title='bbox 879 1356 982 1419; x_wconf 92' lang='lat' dir='ltr'>modo</span> <span class='ocrx_word' id='word_1_68' title='bbox 1006 1354 1335 1426; x_wconf 89' lang='lat' dir='ltr'>commemorabam,</span> <span class='ocrx_word' id='word_1_69' title='bbox 1359 1351 1400 1413; x_wconf 92' lang='lat' dir='ltr'>ab</span> 
     </span>
     <span class='ocr_line' id='line_1_10' title="bbox 200 1472 1400 1558; baseline -0.002 -23"><span class='ocrx_word' id='word_1_70' title='bbox 200 1474 309 1536; x_wconf 93' lang='lat' dir='ltr'>inutili</span> <span class='ocrx_word' id='word_1_71' title='bbox 342 1477 536 1537; x_wconf 90' lang='lat' dir='ltr'>coniectura</span> <span class='ocrx_word' id='word_1_72' title='bbox 568 1476 732 1538; x_wconf 88' lang='lat' dir='ltr'>vindicari</span> <span class='ocrx_word' id='word_1_73' title='bbox 765 1483 890 1558; x_wconf 91' lang='lat' dir='ltr'>potest,</span> <span class='ocrx_word' id='word_1_74' title='bbox 923 1475 949 1537; x_wconf 92' lang='lat' dir='ltr'>si</span> <span class='ocrx_word' id='word_1_75' title='bbox 981 1493 1150 1537; x_wconf 88' lang='lat' dir='ltr'>memores</span> <span class='ocrx_word' id='word_1_76' title='bbox 1178 1492 1297 1535; x_wconf 91' lang='lat' dir='ltr'>sumus</span> <span class='ocrx_word' id='word_1_77' title='bbox 1322 1472 1400 1554; x_wconf 91' lang='lat' dir='ltr'>quid</span> 
     </span>
     <span class='ocr_line' id='line_1_11' title="bbox 203 1592 1400 1677; baseline -0.002 -23"><span class='ocrx_word' id='word_1_78' title='bbox 203 1613 320 1656; x_wconf 91' lang='lat' dir='ltr'>revera</span> <span class='ocrx_word' id='word_1_79' title='bbox 344 1594 386 1656; x_wconf 93' lang='lat' dir='ltr'>sit</span> <span class='ocrx_word' id='word_1_80' title='bbox 410 1597 579 1657; x_wconf 79' lang='lat' dir='ltr'>remittere</span> <span class='ocrx_word' id='word_1_81' title='bbox 602 1604 637 1657; x_wconf 92' lang='lat' dir='ltr'>et</span> <span class='ocrx_word' id='word_1_82' title='bbox 658 1616 745 1677; x_wconf 87' lang='lat' dir='ltr'>quae</span> <span class='ocrx_word' id='word_1_83' title='bbox 767 1603 925 1657; x_wconf 88' lang='lat' dir='ltr'>accurata</span> <span class='ocrx_word' id='word_1_84' title='bbox 944 1595 1016 1656; x_wconf 92' lang='lat' dir='ltr'>eius</span> <span class='ocrx_word' id='word_1_85' title='bbox 1037 1592 1132 1655; x_wconf 88' lang='lat' dir='ltr'>verbi</span> <span class='ocrx_word' id='word_1_86' title='bbox 1152 1593 1400 1674; x_wconf 88' lang='lat' dir='ltr'>interpretatio.</span> 
     </span>
    </p>

    <p class='ocr_par' dir='ltr' id='par_1_4' title="bbox 206 1710 1402 2252">
     <span class='ocr_line' id='line_1_12' title="bbox 251 1710 1401 1794; baseline -0.002 -21"><span class='ocrx_word' id='word_1_87' title='bbox 251 1711 424 1789; x_wconf 85' lang='lat' dir='ltr'>„Silanus”</span> <span class='ocrx_word' id='word_1_88' title='bbox 445 1714 503 1793; x_wconf 87' lang='lat' dir='ltr'>(ait</span> <span class='ocrx_word' id='word_1_89' title='bbox 524 1713 674 1794; x_wconf 79' lang='lat' dir='ltr'>Tacitus)</span> <span class='ocrx_word' id='word_1_90' title='bbox 796 1713 1000 1794; x_wconf 80' lang='lat' dir='ltr'>„municipio</span> <span class='ocrx_word' id='word_1_91' title='bbox 1020 1710 1180 1794; x_wconf 90' lang='lat' dir='ltr'>Apuliae,</span> <span class='ocrx_word' id='word_1_92' title='bbox 1201 1712 1256 1773; x_wconf 92' lang='lat' dir='ltr'>cui</span> <span class='ocrx_word' id='word_1_93' title='bbox 1278 1729 1401 1773; x_wconf 90' lang='lat' dir='ltr'>nomen</span> 
     </span>
     <span class='ocr_line' id='line_1_13' title="bbox 209 1830 1402 1905; baseline 0 -13"><span class='ocrx_word' id='word_1_94' title='bbox 209 1830 343 1893; x_wconf 91' lang='lat' dir='ltr'>Barium</span> <span class='ocrx_word' id='word_1_95' title='bbox 368 1841 429 1905; x_wconf 90' lang='lat' dir='ltr'>est,</span> <span class='ocrx_word' id='word_1_96' title='bbox 453 1833 630 1895; x_wconf 88' lang='lat' dir='ltr'>clauditur.</span> <span class='ocrx_word' id='word_1_97' title='bbox 656 1833 790 1896; x_wconf 90' lang='lat' dir='ltr'>Illic-</span> <span class='ocrx_word' id='word_1_98' title='bbox 810 1853 830 1894; x_wconf 95' lang='lat' dir='ltr'>a</span> <span class='ocrx_word' id='word_1_99' title='bbox 854 1833 1052 1895; x_wconf 89' lang='lat' dir='ltr'>centurione</span> <span class='ocrx_word' id='word_1_100' title='bbox 1072 1832 1115 1894; x_wconf 93' lang='lat' dir='ltr'>ad</span> <span class='ocrx_word' id='word_1_101' title='bbox 1136 1833 1279 1893; x_wconf 92' lang='lat' dir='ltr'>caedem</span> <span class='ocrx_word' id='word_1_102' title='bbox 1303 1832 1402 1893; x_wconf 91' lang='lat' dir='ltr'>misso</span> 
     </span>
     <span class='ocr_line' id='line_1_14' title="bbox 206 1951 1402 2034; baseline 0 -23"><span class='ocrx_word' id='word_1_103' title='bbox 206 1952 402 2032; x_wconf 88' lang='lat' dir='ltr'>corripitur;</span> <span class='ocrx_word' id='word_1_104' title='bbox 439 1953 663 2033; x_wconf 89' lang='lat' dir='ltr'>suadentique</span> <span class='ocrx_word' id='word_1_105' title='bbox 699 1973 803 2015; x_wconf 89' lang='lat' dir='ltr'>venas</span> <span class='ocrx_word' id='word_1_106' title='bbox 838 1952 1040 2034; x_wconf 90' lang='lat' dir='ltr'>abrumpere</span> <span class='ocrx_word' id='word_1_107' title='bbox 1075 1952 1229 2014; x_wconf 89' lang='lat' dir='ltr'>animum</span> <span class='ocrx_word' id='word_1_108' title='bbox 1264 1951 1402 2031; x_wconf 90' lang='lat' dir='ltr'>quidem</span> 
     </span>
     <span class='ocr_line' id='line_1_15' title="bbox 207 2069 1402 2153; baseline 0 -22"><span class='ocrx_word' id='word_1_109' title='bbox 207 2072 306 2132; x_wconf 92' lang='lat' dir='ltr'>morti</span> <span class='ocrx_word' id='word_1_110' title='bbox 339 2072 546 2133; x_wconf 89' lang='lat' dir='ltr'>destinatum</span> <span class='ocrx_word' id='word_1_111' title='bbox 578 2073 633 2146; x_wconf 91' lang='lat' dir='ltr'>ait,</span> <span class='ocrx_word' id='word_1_112' title='bbox 666 2073 726 2134; x_wconf 91' lang='lat' dir='ltr'>sed</span> <span class='ocrx_word' id='word_1_113' title='bbox 759 2093 827 2134; x_wconf 90' lang='lat' dir='ltr'>non</span> <span class='ocrx_word' id='word_1_114' title='bbox 854 2074 1023 2136; x_wconf 82' lang='lat' dir='ltr'>remittere</span> <span class='ocrx_word' id='word_1_115' title='bbox 1046 2071 1236 2153; x_wconf 88' lang='lat' dir='ltr'>percussori</span> <span class='ocrx_word' id='word_1_116' title='bbox 1262 2069 1402 2150; x_wconf 87' lang='lat' dir='ltr'>gloriam</span> 
     </span>
     <span class='ocr_line' id='line_1_16' title="bbox 207 2191 415 2252; baseline 0.005 -1"><span class='ocrx_word' id='word_1_117' title='bbox 207 2191 415 2252; x_wconf 89' lang='lat' dir='ltr'>ministerii.”</span> 
     </span>
    </p>
   </div>
   <div class='ocr_carea' id='block_1_3' title="bbox 252 2283 1402 2395">
    <p class='ocr_par' dir='ltr' id='par_1_5' title="bbox 252 2283 1402 2395">
     <span class='ocr_line' id='line_1_17' title="bbox 252 2283 1402 2395; baseline -0.001 -24"><span class='ocrx_word' id='word_1_118' title='bbox 252 2310 289 2372; x_wconf 97' lang='lat' dir='ltr'>ln</span> <span class='ocrx_word' id='word_1_119' title='bbox 315 2312 433 2373; x_wconf 92' lang='lat' dir='ltr'>codice</span> <span class='ocrx_word' id='word_1_120' title='bbox 457 2320 507 2373; x_wconf 91' lang='lat' dir='ltr'>est</span> <span class='ocrx_word' id='word_1_121' title='bbox 532 2283 671 2392; x_wconf 89' lang='lat' dir='ltr'>quidem</span> <span class='ocrx_word' id='word_1_122' title='bbox 689 2323 903 2395; x_wconf 85' lang='lat' dir='ltr'>peremettere</span> <span class='ocrx_word' id='word_1_123' title='bbox 917 2310 950 2393; x_wconf 90' lang='lat'>¹),</span> <span class='ocrx_word' id='word_1_124' title='bbox 975 2311 1035 2373; x_wconf 94' lang='lat' dir='ltr'>sed</span> <span class='ocrx_word' id='word_1_125' title='bbox 1056 2311 1115 2392; x_wconf 87' lang='lat' dir='ltr'>(sic</span> <span class='ocrx_word' id='word_1_126' title='bbox 1135 2317 1230 2372; x_wconf 88' lang='lat' dir='ltr'>certe</span> <span class='ocrx_word' id='word_1_127' title='bbox 1252 2310 1402 2373; x_wconf 89' lang='lat' dir='ltr'>Ritterus</span> 
     </span>
    </p>
   </div>
   <div class='ocr_carea' id='block_1_4' title="bbox 200 2427 1402 4175">
    <p class='ocr_par' dir='ltr' id='par_1_6' title="bbox 200 2427 1402 4175">
     <span class='ocr_line' id='line_1_18' title="bbox 206 2427 1400 2513; baseline 0.002 -25"><span class='ocrx_word' id='word_1_128' title='bbox 206 2427 319 2509; x_wconf 82' lang='lat' dir='ltr'>refert)</span> <span class='ocrx_word' id='word_1_129' title='bbox 350 2439 539 2492; x_wconf 88' lang='lat' dir='ltr'>correctum</span> <span class='ocrx_word' id='word_1_130' title='bbox 573 2432 606 2493; x_wconf 92' lang='lat' dir='ltr'>in</span> <span class='ocrx_word' id='word_1_131' title='bbox 635 2432 812 2504; x_wconf 84' lang='lat' dir='ltr'>remittere,</span> <span class='ocrx_word' id='word_1_132' title='bbox 837 2431 1024 2493; x_wconf 89' lang='lat' dir='ltr'>deteriores</span> <span class='ocrx_word' id='word_1_133' title='bbox 1041 2428 1240 2513; x_wconf 81' lang='lat' dir='ltr'>permittere</span> <span class='ocrx_word' id='word_1_134' title='bbox 1264 2429 1400 2500; x_wconf 85' lang='lat' dir='ltr'>habent,</span> 
     </span>
     <span class='ocr_line' id='line_1_19' title="bbox 205 2549 1401 2631; baseline 0.002 -22"><span class='ocrx_word' id='word_1_135' title='bbox 205 2568 222 2609; x_wconf 93' lang='lat' dir='ltr'>e</span> <span class='ocrx_word' id='word_1_136' title='bbox 241 2549 446 2624; x_wconf 91' lang='lat' dir='ltr'>coniectura,</span> <span class='ocrx_word' id='word_1_137' title='bbox 462 2558 499 2611; x_wconf 93' lang='lat' dir='ltr'>ut</span> <span class='ocrx_word' id='word_1_138' title='bbox 516 2551 648 2631; x_wconf 87' lang='lat' dir='ltr'>opinor,</span> <span class='ocrx_word' id='word_1_139' title='bbox 666 2570 774 2631; x_wconf 90' lang='lat' dir='ltr'>eaque</span> <span class='ocrx_word' id='word_1_140' title='bbox 788 2551 1032 2625; x_wconf 89' lang='lat' dir='ltr'>vetustissima;</span> <span class='ocrx_word' id='word_1_141' title='bbox 1051 2569 1129 2612; x_wconf 89' lang='lat' dir='ltr'>nam</span> <span class='ocrx_word' id='word_1_142' title='bbox 1142 2569 1219 2612; x_wconf 93' lang='lat' dir='ltr'>cum</span> <span class='ocrx_word' id='word_1_143' title='bbox 1234 2551 1401 2612; x_wconf 80' lang='lat' dir='ltr'>remittere</span> 
     </span>
     <span class='ocr_line' id='line_1_20' title="bbox 206 2667 1399 2751; baseline -0.001 -22"><span class='ocrx_word' id='word_1_144' title='bbox 206 2667 344 2730; x_wconf 88' lang='lat' dir='ltr'>Tacitus</span> <span class='ocrx_word' id='word_1_145' title='bbox 360 2670 557 2751; x_wconf 90' lang='lat' dir='ltr'>scripsisset,</span> <span class='ocrx_word' id='word_1_146' title='bbox 574 2670 848 2751; x_wconf 84' lang='lat' dir='ltr'>suprascripsisse</span> <span class='ocrx_word' id='word_1_147' title='bbox 865 2668 1013 2750; x_wconf 89' lang='lat' dir='ltr'>aliquem</span> <span class='ocrx_word' id='word_1_148' title='bbox 1025 2669 1223 2751; x_wconf 83' lang='lat' dir='ltr'>permittere</span> <span class='ocrx_word' id='word_1_149' title='bbox 1239 2669 1399 2749; x_wconf 92' lang='lat' dir='ltr'>suspicor,</span> 
     </span>
     <span class='ocr_line' id='line_1_21' title="bbox 206 2787 1401 2870; baseline 0 -22"><span class='ocrx_word' id='word_1_150' title='bbox 206 2789 295 2849; x_wconf 88' lang='lat' dir='ltr'>unde</span> <span class='ocrx_word' id='word_1_151' title='bbox 328 2787 409 2849; x_wconf 93' lang='lat' dir='ltr'>illud</span> <span class='ocrx_word' id='word_1_152' title='bbox 435 2790 648 2870; x_wconf 83' lang='lat' dir='ltr'>peremittere</span> <span class='ocrx_word' id='word_1_153' title='bbox 679 2797 796 2851; x_wconf 92' lang='lat' dir='ltr'>natum</span> <span class='ocrx_word' id='word_1_154' title='bbox 827 2789 882 2851; x_wconf 89' lang='lat' dir='ltr'>sit.</span> <span class='ocrx_word' id='word_1_155' title='bbox 910 2789 956 2851; x_wconf 93' lang='lat' dir='ltr'>Et</span> <span class='ocrx_word' id='word_1_156' title='bbox 983 2789 1178 2851; x_wconf 90' lang='lat' dir='ltr'>etiamnunc</span> <span class='ocrx_word' id='word_1_157' title='bbox 1206 2789 1401 2850; x_wconf 89' lang='lat' dir='ltr'>coniectura</span> 
     </span>
     <span class='ocr_line' id='line_1_22' title="bbox 203 2906 1400 2989; baseline -0.001 -22"><span class='ocrx_word' id='word_1_158' title='bbox 203 2906 259 2968; x_wconf 90' lang='lat' dir='ltr'>illa</span> <span class='ocrx_word' id='word_1_159' title='bbox 280 2908 467 2969; x_wconf 90' lang='lat' dir='ltr'>identidem</span> <span class='ocrx_word' id='word_1_160' title='bbox 489 2907 636 2969; x_wconf 83' lang='lat' dir='ltr'>lautores</span> <span class='ocrx_word' id='word_1_161' title='bbox 656 2909 797 2982; x_wconf 88' lang='lat' dir='ltr'>invenit,</span> <span class='ocrx_word' id='word_1_162' title='bbox 819 2928 886 2970; x_wconf 94' lang='lat' dir='ltr'>non</span> <span class='ocrx_word' id='word_1_163' title='bbox 909 2916 1106 2989; x_wconf 83' lang='lat' dir='ltr'>reputantes</span> <span class='ocrx_word' id='word_1_164' title='bbox 1126 2926 1229 2988; x_wconf 91' lang='lat' dir='ltr'>quam</span> <span class='ocrx_word' id='word_1_165' title='bbox 1248 2906 1400 2988; x_wconf 87' lang='lat' dir='ltr'>ineptum</span> 
     </span>
     <span class='ocr_line' id='line_1_23' title="bbox 203 3023 1402 3109; baseline -0.002 -22"><span class='ocrx_word' id='word_1_166' title='bbox 203 3026 259 3088; x_wconf 93' lang='lat' dir='ltr'>illa</span> <span class='ocrx_word' id='word_1_167' title='bbox 290 3023 442 3088; x_wconf 89' lang='lat' dir='ltr'>Silanum</span> <span class='ocrx_word' id='word_1_168' title='bbox 474 3028 605 3090; x_wconf 88' lang='lat' dir='ltr'>reddat.</span> <span class='ocrx_word' id='word_1_169' title='bbox 639 3027 695 3089; x_wconf 94' lang='lat' dir='ltr'>An</span> <span class='ocrx_word' id='word_1_170' title='bbox 728 3038 886 3109; x_wconf 91' lang='lat' dir='ltr'>putemus</span> <span class='ocrx_word' id='word_1_171' title='bbox 918 3029 1076 3090; x_wconf 89' lang='lat' dir='ltr'>iuvenem</span> <span class='ocrx_word' id='word_1_172' title='bbox 1108 3025 1214 3100; x_wconf 91' lang='lat' dir='ltr'>illum,</span> <span class='ocrx_word' id='word_1_173' title='bbox 1246 3025 1402 3108; x_wconf 88' lang='lat' dir='ltr'>quamvis</span> 
     </span>
     <span class='ocr_line' id='line_1_24' title="bbox 203 3144 1401 3226; baseline -0.002 -20"><span class='ocrx_word' id='word_1_174' title='bbox 203 3144 445 3226; x_wconf 90' lang='lat' dir='ltr'>praevalidum,</span> <span class='ocrx_word' id='word_1_175' title='bbox 483 3146 570 3207; x_wconf 92' lang='lat' dir='ltr'>serio</span> <span class='ocrx_word' id='word_1_176' title='bbox 606 3145 789 3207; x_wconf 88' lang='lat' dir='ltr'>credidisse</span> <span class='ocrx_word' id='word_1_177' title='bbox 825 3147 989 3207; x_wconf 90' lang='lat' dir='ltr'>inermem</span> <span class='ocrx_word' id='word_1_178' title='bbox 1024 3165 1059 3207; x_wconf 91' lang='lat' dir='ltr'>se</span> <span class='ocrx_word' id='word_1_179' title='bbox 1095 3152 1245 3206; x_wconf 92' lang='lat' dir='ltr'>armatos</span> <span class='ocrx_word' id='word_1_180' title='bbox 1279 3144 1401 3207; x_wconf 89' lang='lat' dir='ltr'>milites</span> 
     </span>
     <span class='ocr_line' id='line_1_25' title="bbox 201 3263 1400 3347; baseline -0.002 -22"><span class='ocrx_word' id='word_1_181' title='bbox 201 3285 278 3326; x_wconf 91' lang='lat' dir='ltr'>cum</span> <span class='ocrx_word' id='word_1_182' title='bbox 296 3265 493 3328; x_wconf 92' lang='lat' dir='ltr'>centurione</span> <span class='ocrx_word' id='word_1_183' title='bbox 510 3266 688 3339; x_wconf 87' lang='lat' dir='ltr'>victurum,</span> <span class='ocrx_word' id='word_1_184' title='bbox 707 3274 741 3327; x_wconf 88' lang='lat' dir='ltr'>et</span> <span class='ocrx_word' id='word_1_185' title='bbox 754 3265 1004 3347; x_wconf 89' lang='lat' dir='ltr'>prohibiturum</span> <span class='ocrx_word' id='word_1_186' title='bbox 1018 3265 1199 3346; x_wconf 90' lang='lat' dir='ltr'>quominus</span> <span class='ocrx_word' id='word_1_187' title='bbox 1212 3263 1400 3326; x_wconf 90' lang='lat' dir='ltr'>ministerio</span> 
     </span>
     <span class='ocr_line' id='line_1_26' title="bbox 201 3382 1399 3464; baseline 0.001 -21"><span class='ocrx_word' id='word_1_188' title='bbox 201 3402 262 3444; x_wconf 91' lang='lat' dir='ltr'>suo</span> <span class='ocrx_word' id='word_1_189' title='bbox 294 3382 533 3464; x_wconf 84' lang='lat' dir='ltr'>iungerentur?</span> <span class='ocrx_word' id='word_1_190' title='bbox 566 3385 610 3446; x_wconf 90' lang='lat' dir='ltr'>Et</span> <span class='ocrx_word' id='word_1_191' title='bbox 644 3393 680 3446; x_wconf 91' lang='lat' dir='ltr'>ut</span> <span class='ocrx_word' id='word_1_192' title='bbox 713 3385 779 3446; x_wconf 89' lang='lat' dir='ltr'>iam</span> <span class='ocrx_word' id='word_1_193' title='bbox 808 3383 970 3446; x_wconf 80' lang='lat' dir='ltr'>faciamus</span> <span class='ocrx_word' id='word_1_194' title='bbox 994 3383 1075 3446; x_wconf 95' lang='lat' dir='ltr'>illud</span> <span class='ocrx_word' id='word_1_195' title='bbox 1100 3402 1178 3445; x_wconf 90' lang='lat' dir='ltr'>eum</span> <span class='ocrx_word' id='word_1_196' title='bbox 1203 3383 1399 3455; x_wconf 91' lang='lat' dir='ltr'>credidisse,</span> 
     </span>
     <span class='ocr_line' id='line_1_27' title="bbox 201 3500 1398 3586; baseline -0.001 -24"><span class='ocrx_word' id='word_1_197' title='bbox 201 3503 281 3581; x_wconf 92' lang='lat' dir='ltr'>quid</span> <span class='ocrx_word' id='word_1_198' title='bbox 314 3502 377 3563; x_wconf 92' lang='lat' dir='ltr'>sibi</span> <span class='ocrx_word' id='word_1_199' title='bbox 409 3501 481 3563; x_wconf 89' lang='lat' dir='ltr'>vult</span> <span class='ocrx_word' id='word_1_200' title='bbox 513 3504 603 3565; x_wconf 91' lang='lat' dir='ltr'>istud</span> <span class='ocrx_word' id='word_1_201' title='bbox 627 3501 792 3586; x_wconf 81' lang='lat' dir='ltr'>gloriam?</span> <span class='ocrx_word' id='word_1_202' title='bbox 821 3503 916 3583; x_wconf 76' lang='lat' dir='ltr'>„Non</span> <span class='ocrx_word' id='word_1_203' title='bbox 940 3500 1133 3566; x_wconf 87' lang='lat' dir='ltr'>remittam”</span> <span class='ocrx_word' id='word_1_204' title='bbox 1157 3501 1205 3563; x_wconf 87' lang='lat' dir='ltr'>ait</span> <span class='ocrx_word' id='word_1_205' title='bbox 1233 3501 1398 3583; x_wconf 68' lang='lat' dir='ltr'>„glorium</span> 
     </span>
     <span class='ocr_line' id='line_1_28' title="bbox 202 3617 1398 3703; baseline 0.002 -23"><span class='ocrx_word' id='word_1_206' title='bbox 202 3621 380 3682; x_wconf 80' lang='lat' dir='ltr'>retinisterii</span> <span class='ocrx_word' id='word_1_207' title='bbox 412 3621 472 3682; x_wconf 93' lang='lat' dir='ltr'>sed</span> <span class='ocrx_word' id='word_1_208' title='bbox 509 3622 684 3685; x_wconf 87' lang='lat' dir='ltr'>intendam</span> <span class='ocrx_word' id='word_1_209' title='bbox 721 3624 810 3685; x_wconf 95' lang='lat' dir='ltr'>illam</span> <span class='ocrx_word' id='word_1_210' title='bbox 847 3632 881 3684; x_wconf 93' lang='lat' dir='ltr'>et</span> <span class='ocrx_word' id='word_1_211' title='bbox 916 3620 1063 3703; x_wconf 87' lang='lat' dir='ltr'>augebo;</span> <span class='ocrx_word' id='word_1_212' title='bbox 1098 3617 1220 3682; x_wconf 80' lang='lat' dir='ltr'>faciam</span> <span class='ocrx_word' id='word_1_213' title='bbox 1252 3628 1289 3682; x_wconf 92' lang='lat' dir='ltr'>ut</span> <span class='ocrx_word' id='word_1_214' title='bbox 1322 3638 1398 3682; x_wconf 90' lang='lat' dir='ltr'>cum</span> 
     </span>
     <span class='ocr_line' id='line_1_29' title="bbox 201 3737 1398 3821; baseline 0 -22"><span class='ocrx_word' id='word_1_215' title='bbox 201 3758 302 3818; x_wconf 89' lang='lat' dir='ltr'>quam</span> <span class='ocrx_word' id='word_1_216' title='bbox 332 3740 480 3801; x_wconf 88' lang='lat' dir='ltr'>maxima</span> <span class='ocrx_word' id='word_1_217' title='bbox 507 3740 614 3821; x_wconf 87' lang='lat' dir='ltr'>gloria</span> <span class='ocrx_word' id='word_1_218' title='bbox 643 3742 829 3803; x_wconf 89' lang='lat' dir='ltr'>ministerio</span> <span class='ocrx_word' id='word_1_219' title='bbox 854 3749 966 3802; x_wconf 90' lang='lat' dir='ltr'>vestro</span> <span class='ocrx_word' id='word_1_220' title='bbox 992 3737 1252 3821; x_wconf 83' lang='lat' dir='ltr'>perfungamini,</span> <span class='ocrx_word' id='word_1_221' title='bbox 1276 3757 1398 3820; x_wconf 89' lang='lat' dir='ltr'>corpus</span> 
     </span>
     <span class='ocr_line' id='line_1_30' title="bbox 200 3855 1398 3941; baseline -0.001 -23"><span class='ocrx_word' id='word_1_222' title='bbox 200 3877 313 3918; x_wconf 93' lang='lat' dir='ltr'>meum</span> <span class='ocrx_word' id='word_1_223' title='bbox 348 3867 512 3937; x_wconf 91' lang='lat' dir='ltr'>quantum</span> <span class='ocrx_word' id='word_1_224' title='bbox 550 3870 670 3941; x_wconf 88' lang='lat' dir='ltr'>potero</span> <span class='ocrx_word' id='word_1_225' title='bbox 706 3859 888 3922; x_wconf 82' lang='lat' dir='ltr'>delendam</span> <span class='ocrx_word' id='word_1_226' title='bbox 924 3867 958 3920; x_wconf 94' lang='lat' dir='ltr'>et</span> <span class='ocrx_word' id='word_1_227' title='bbox 989 3858 1036 3918; x_wconf 91' lang='lat' dir='ltr'>sic</span> <span class='ocrx_word' id='word_1_228' title='bbox 1070 3855 1268 3918; x_wconf 84' lang='lat' dir='ltr'>facultatem</span> <span class='ocrx_word' id='word_1_229' title='bbox 1300 3856 1398 3918; x_wconf 91' lang='lat' dir='ltr'>vobis</span> 
     </span>
     <span class='ocr_line' id='line_1_31' title="bbox 200 3975 1396 4057; baseline -0.001 -21"><span class='ocrx_word' id='word_1_230' title='bbox 200 3975 373 4057; x_wconf 89' lang='lat' dir='ltr'>praebebo</span> <span class='ocrx_word' id='word_1_231' title='bbox 416 3978 459 4038; x_wconf 91' lang='lat' dir='ltr'>ad</span> <span class='ocrx_word' id='word_1_232' title='bbox 504 3977 590 4039; x_wconf 89' lang='lat' dir='ltr'>sorte</span> <span class='ocrx_word' id='word_1_233' title='bbox 633 3980 805 4041; x_wconf 87' lang='lat' dir='ltr'>edendum</span> <span class='ocrx_word' id='word_1_234' title='bbox 849 3976 994 4039; x_wconf 83' lang='lat' dir='ltr'>facinus:</span> <span class='ocrx_word' id='word_1_235' title='bbox 1038 3983 1215 4056; x_wconf 88' lang='lat' dir='ltr'>tamquam</span> <span class='ocrx_word' id='word_1_236' title='bbox 1254 3975 1288 4037; x_wconf 91' lang='lat' dir='ltr'>in</span> <span class='ocrx_word' id='word_1_237' title='bbox 1325 3975 1396 4037; x_wconf 89' lang='lat' dir='ltr'>acie</span> 
     </span>
     <span class='ocr_line' id='line_1_32' title="bbox 200 4093 427 4175; baseline 0 -19"><span class='ocrx_word' id='word_1_238' title='bbox 200 4093 427 4175; x_wconf 86' lang='lat' dir='ltr'>pugnabitis&#39;&#39;.</span> 
     </span>
    </p>
   </div>
   <div class='ocr_carea' id='block_1_5' title="bbox 238 4352 918 4417">
    <p class='ocr_par' dir='ltr' id='par_1_7' title="bbox 238 4352 918 4417">
     <span class='ocr_line' id='line_1_33' title="bbox 238 4352 918 4417; baseline 0.001 -18"><span class='ocrx_word' id='word_1_239' title='bbox 238 4352 262 4414; x_wconf 91' lang='lat'>1)</span> <span class='ocrx_word' id='word_1_240' title='bbox 284 4355 403 4416; x_wconf 79' lang='lat' dir='ltr'>Apparet</span> <span class='ocrx_word' id='word_1_241' title='bbox 422 4359 508 4401; x_wconf 83' lang='lat' dir='ltr'>tamen</span> <span class='ocrx_word' id='word_1_242' title='bbox 528 4353 628 4417; x_wconf 82' lang='lat' dir='ltr'>aliquid</span> <span class='ocrx_word' id='word_1_243' title='bbox 646 4354 683 4402; x_wconf 89' lang='lat' dir='ltr'>ibi</span> <span class='ocrx_word' id='word_1_244' title='bbox 704 4354 833 4402; x_wconf 82' lang='lat' dir='ltr'>turbatum</span> <span class='ocrx_word' id='word_1_245' title='bbox 852 4368 918 4402; x_wconf 88' lang='lat' dir='ltr'>esse.</span> 
     </span>
    </p>
   </div>
   <div class='ocr_carea' id='block_1_6' title="bbox 0 0 1610 5274">
    <p class='ocr_par' dir='ltr' id='par_1_8' title="bbox 0 0 1610 5274">
     <span class='ocr_line' id='line_1_34' title="bbox 0 0 1610 5274; baseline 0 0"><span class='ocrx_word' id='word_1_246' title='bbox 0 0 1610 5274; x_wconf 95' lang='lat' dir='ltr'> </span> 
     </span>
    </p>
   </div>
  </div>
 </body>
</html>
