3210 5274
771 377 831 444 ²31

253 542 418 623 ,Mela...
443 542 572 606 exolvit
594 562 707 619 venas,
732 544 867 626 scriptis
890 544 1063 619 codicillis,
1089 545 1212 625 quibus
1235 544 1399 625 grandem

202 664 383 747 pecuniam
409 663 443 725 in
468 661 672 744 Tigellinum
697 683 928 745 generumque
950 665 1021 727 eius
1042 664 1279 727 Cossutianum
1301 663 1400 746 Capi-

204 791 323 845 tonem
359 782 533 865 erogabat,
570 802 639 865 quo
675 791 788 845 cetera
824 793 1011 847 manerent.
1054 785 1204 847 Additur
1242 782 1400 846 codicillis

202 914 374 984 tamquam
395 903 434 965 de
453 902 627 984 iniquitate
645 903 743 966 exitii
759 923 898 984 qrtcrens
918 904 966 966 ita
987 904 1181 984 scripsisset,
1202 923 1237 964 se
1259 903 1397 984 quidem

204 1023 291 1085 mori
326 1021 426 1084 nullis
460 1021 616 1104 supplicii
652 1022 770 1096 causis,
807 1021 961 1085 Rufrium
994 1032 1108 1085 autem
1141 1022 1332 1105 Crispinum
1365 1032 1400 1086 et

204 1142 368 1206 Anicium
391 1140 558 1205 Cerialem
584 1142 654 1204 vita
677 1141 739 1205 lrui
765 1141 913 1205 infensos
937 1141 1114 1224 principi.”

252 1259 339 1325 Sunt
359 1261 553 1324 etiamnunc
571 1261 629 1342 qui
642 1261 741 1324 istam
755 1261 935 1324 verborum
949 1261 1151 1343 farraginem
1165 1272 1398 1344 concoquant;

154 1427 156 1436 .
204 1391 285 1445 sunt
315 1382 372 1463 qui
397 1400 472 1443 eam
495 1379 584 1443 ultro
609 1381 810 1463 perturbent
835 1400 897 1463 pro
919 1381 1104 1462 scripsisset
1127 1381 1273 1462 legendo
1296 1383 1400 1462 scrip·

204 1502 296 1575 sisse,
319 1510 357 1564 ut
375 1502 516 1565 additur
536 1521 611 1563 eam
631 1500 778 1582 accipiat
798 1509 1012 1575 structuram,
1033 1521 1135 1582 quam
1150 1501 1274 1563 habere
1288 1501 1400 1563 solent

204 1622 340 1694 dicitur,
373 1621 507 1684 videtur
537 1620 648 1682 simm.
684 1617 788 1701 Quasi
820 1639 902 1682 vero
926 1641 994 1683 non
1019 1621 1061 1683 sit
1085 1621 1160 1683 luce
1185 1621 1316 1695 clarius,
1342 1622 1399 1685 ubi

204 1741 238 1802 in
274 1741 395 1804 eadem
432 1741 624 1802 narratione
661 1739 696 1801 et
729 1740 772 1801 de
807 1739 965 1802 codicillis
993 1759 1104 1802 sermo
1135 1741 1188 1813 sit,
1222 1740 1256 1802 et
1286 1740 1399 1821 aliqua

204 1860 300 1923 verbi
332 1859 476 1923 addendi
506 1858 614 1922 forma
639 1858 780 1940 legatur,
806 1859 849 1921 de
874 1858 965 1922 nulla
988 1859 1052 1921 alia
1077 1879 1112 1922 re
1137 1859 1183 1921 ibi
1207 1880 1398 1923 sermonem

204 2000 277 2042 esse
299 1999 399 2062 posse
420 1999 521 2061 quam
544 1979 587 2041 de
607 1978 722 2060 aliquo
743 1979 892 2060 ipsorum
905 1978 1137 2042 codicillorum
1150 1979 1399 2042 additamento.

204 2099 361 2163 Tandem
385 2097 569 2180 aliquando
592 2098 724 2161 exstitit
750 2098 950 2179 Draegerus,
972 2098 1030 2179 qui
1050 2096 1190 2161 sciolum
1211 2098 1399 2180 deprehen·

206 2219 313 2281 deret.
347 2216 448 2299 Quod
472 2226 586 2280 autem
611 2226 723 2281 totum
748 2217 830 2280 illud
855 2229 1024 2299 tamquam
1048 2218 1087 2280 dc
1110 2219 1283 2298 iniquitate
1305 2218 1402 2280 exitii

206 2358 345 2420 querens
364 2338 412 2401 ita
431 2337 618 2419 scripsisset
636 2357 655 2398 e
675 2345 773 2399 textu
794 2338 922 2411 eximit,
944 2336 1084 2401 fortasse
1100 2338 1238 2399 modum
1252 2338 1399 2400 excedit.

207 2456 243 2522 Si
261 2459 338 2539 quis
355 2458 447 2521 enim
466 2458 602 2520 retineri
621 2477 720 2539 posse
739 2469 909 2538 tamquam
922 2458 962 2520 de
973 2458 1145 2539 iniquitate
1156 2458 1252 2520 critii
1262 2476 1400 2537 quarens

207 2577 404 2651 contendit,
436 2578 594 2659 equidem
628 2595 695 2639 non
729 2595 899 2657 repugno,
933 2577 1120 2639 dummodo
1152 2575 1232 2638 hinc
1256 2575 1400 2639 lacessat

173 2769 183 2786 ο
206 2695 364 2760 codicillis
394 2704 429 2758 et
452 2732 496 2742 —
521 2716 599 2758 nam
624 2697 671 2758 ita
695 2696 1046 2777 demumapparebit,
1072 2696 1130 2776 qui
1155 2694 1225 2757 fieri
1251 2697 1399 2777 potuerit

206 2825 244 2879 ut
266 2825 339 2879 tam
363 2816 547 2878 immanem
572 2816 607 2877 in
631 2816 771 2877 modum
793 2814 847 2876 hic
868 2815 962 2877 locus
981 2823 1253 2897 corrumperetur
1273 2851 1317 2861 -
1337 2833 1400 2897 pro

206 2936 347 2999 additur
364 2935 496 3016 legatur
506 2935 611 2998 addit.
637 2933 817 3016 Scripsisse
830 2954 912 3015 ergo
924 2934 1082 2997 Tacitum
1094 2934 1255 2997 arbitror:
1274 2935 1398 3014 „addit,

206 3063 383 3137 tamquam
408 3055 451 3117 de
475 3053 654 3135 iniquitate
676 3054 770 3115 exitii
795 3072 951 3134 querens,
975 3073 1010 3115 se
1035 3054 1173 3134 quidem
1195 3054 1280 3115 mori
1302 3053 1400 3115 nullis

205 3175 362 3258 supplicii
384 3175 492 3237 causis
504 3194 532 3235 e.
542 3194 574 3255 q.
583 3171 631 3235 s.”
649 3173 734 3237 Cum
747 3172 851 3235 semel
864 3173 969 3247 addit,
984 3174 1076 3255 quod
1089 3173 1398 3256 frequentissimum

205 3295 327 3357 vitium
358 3302 420 3367 est,
453 3294 486 3355 in
511 3293 651 3356 additur
675 3293 872 3368 transiisset,
898 3301 1011 3355 cetera
1036 3294 1149 3355 omnia
1173 3302 1297 3375 sponte
1320 3301 1398 3355 sunt

205 3422 333 3476 secuta.

250 3531 296 3595 A.
334 3529 431 3606 XVI,
470 3548 521 3612 30.
561 3530 698 3613 ,Atque
734 3531 868 3593 interim
904 3521 1059 3594 Ostorius
1091 3527 1245 3605 Sabinus,
1279 3528 1399 3593 Sorani

205 3660 393 3726 accusator,
426 3652 614 3734 ingreditur
644 3651 842 3731 orditurque
874 3652 917 3715 de
945 3651 1094 3713 amicitia
1119 3650 1252 3712 Rubelli
1279 3651 1398 3727 Plauti,

205 3773 369 3853 quodque
412 3771 688 3854 proconsulatum
725 3771 829 3832 Asiae
865 3769 1014 3834 Soranus
1048 3790 1111 3852 pro
1146 3770 1299 3834 claritate
1335 3771 1399 3833 sibi

207 3891 321 3972 potius
350 3889 654 3953 adcommodatum
680 3909 782 3970 quam
807 3909 849 3950 ex
875 3888 1020 3951 utilitate
1045 3891 1216 3953 communi
1241 3890 1400 3972 egisset.”

251 4010 333 4074 Vidi
365 4010 533 4073 editorem
565 4009 710 4070 traditae
739 4007 894 4071 lectionis
917 4016 988 4070 tam
1013 4017 1179 4084 tenacem,
1205 4018 1241 4072 ut
1265 4011 1329 4074 ista
1352 4011 1400 4074 sic

206 4130 241 4191 in
275 4136 374 4192 textu
410 4148 471 4191 suo
507 4134 724 4211 proponeret.
761 4124 796 4188 Si
833 4127 1031 4190 nobilissimi
1067 4130 1248 4210 scriptores
1286 4130 1399 4192 Latini

207 4248 287 4311 talia
313 4247 538 4330 protulerunt,
563 4267 627 4328 ego
651 4267 671 4308 a
696 4245 801 4307 literis
825 4246 958 4308 Latinis
981 4248 1161 4329 ingenuam
1187 4248 1398 4310 iuventutem

208 4368 326 4450 procul
350 4368 534 4431 arcendam
560 4386 692 4429 censeo.
730 4366 867 4428 Dudum
893 4375 945 4428 est
968 4388 1011 4428 ex
1033 4387 1101 4448 quo
1126 4368 1258 4431 saniora
1283 4368 1399 4432 docuit
