3210 5274
708 420 768 487 ²9¹

142 583 340 663 praesertim
372 602 450 645 cum
478 584 761 665 praecedentibus
787 585 843 647 ubi
867 594 1005 649 auctore
1031 587 1170 651 Platone
1194 590 1335 652 demon·

142 709 267 764 stratur
299 722 340 764 ne
368 703 400 764 in
426 703 558 784 optimo
583 704 727 801 quidem·
746 705 832 767 duce
857 706 1044 788 quidquam
1068 728 1141 770 esse
1165 711 1334 790 praesidii,

142 821 204 883 nisi
238 822 341 884 etiam
373 822 497 885 milites
527 824 557 885 ei
585 843 644 886 sua
667 824 730 886 sibi
755 825 822 887 sint
846 825 966 888 imbuti
991 826 1216 910 philosophia.
1241 830 1336 895 Iusto

141 942 312 1017 audacior,
343 950 395 1005 sat
425 942 506 1017 scio,
540 943 623 1005 haec
652 945 857 1008 emendandi
889 945 975 1008 ratio
1008 945 1122 1009 multis
1153 949 1334 1014 videbitur.

143 1060 297 1125 Fulciam
322 1082 402 1144 ergo
426 1062 513 1125 hanc
537 1063 769 1126 coniecturam
793 1073 845 1127 sat
865 1065 967 1147 longa
987 1066 1139 1130 locorum
1159 1069 1255 1145 serie,
1276 1071 1333 1152 qui

142 1182 349 1245 documento
381 1184 447 1244 sint
479 1202 696 1246 communem
727 1184 883 1246 codicum
917 1193 1091 1249 nostorum
1117 1187 1246 1250 fontem
1271 1189 1335 1252 hac

142 1311 234 1364 certe
255 1311 350 1385 parte
372 1302 492 1365 mirum
513 1323 617 1384 quam
637 1324 739 1385 saepe
759 1313 955 1386 corruptum
969 1326 1041 1368 esse
1054 1309 1334 1373 annotationibus

141 1423 175 1483 in
200 1430 333 1485 textum
358 1421 504 1505 receptis
528 1423 634 1504 iisque
660 1422 859 1505 plerumque
883 1424 993 1487 aliena
1015 1425 1190 1489 collocatis
1213 1430 1304 1492 sede.

186 1540 296 1604 Galba
327 1541 376 1604 IV
414 1540 523 1604 Galba
557 1562 576 1604 a
612 1541 748 1604 Nerone
781 1544 814 1604 in
848 1543 1047 1624 Hispaniam
1079 1565 1156 1607 cum
1190 1548 1333 1630 imperio

142 1661 303 1724 mittitur:
329 1659 395 1722 ἔνιοί
422 1659 451 1722 δὲ
476 1666 535 1723 τῶν
562 1660 725 1738 οίλιτκρίων
750 1658 919 1738 ἐπιτρόπων
943 1663 1030 1736 ὠμῶς
1055 1662 1107 1725 uari
1133 1664 1248 1743 ἀγρίως
1273 1667 1332 1738 τοὶς

140 1779 299 1859 ἕτοιοχίιις
324 1780 443 1843 ἐκείνων
467 1780 691 1858 διαφορούντων
715 1779 796 1844 ἄλλο
823 1781 879 1856 μὲν
906 1777 992 1862 εἶχεν
1017 1783 1099 1846 οὐδὲν
1119 1783 1252 1862 βοηθεῖν,
1272 1789 1333 1851 sed

140 1908 255 1963 tamen
275 1902 384 1964 solatii
406 1902 533 1983 aliquid
555 1900 817 1983 provincialibus
835 1903 1021 1984 praebebat
1042 1907 1227 1969 ostendens
1239 1909 1332 1972 cordi

140 2020 203 2082 sibi
225 2040 297 2083 esse
318 2020 450 2083 illorum
472 2022 631 2094 miserias,
652 2040 757 2102 seque
778 2041 894 2083 eorum
915 2022 1025 2084 vicem
1046 2022 1172 2087 dolere.
1195 2025 1344 2090 Nullum.

140 2140 194 2203 hic
219 2141 449 2203 coniunctioni
470 2138 538 2202 ἔνιοί
557 2140 669 2201 locum
690 2157 775 2215 esse,
794 2141 853 2203 sed
875 2149 985 2204 totum
1006 2146 1196 2207 sententiae
1215 2146 1332 2209 decur-

139 2281 214 2323 sum
238 2280 279 2323 ea
303 2261 491 2343 perturbari
516 2261 642 2343 primus
667 2258 859 2322 mortalium
883 2264 1057 2342 perspexit
1076 2262 1277 2328 Sintenisius
1298 2275 1332 2329 et

140 2381 206 2444 ἐκεῖ
238 2383 399 2464 reposuit.
432 2382 642 2444 Rectissime.
675 2380 753 2442 Hoc
785 2381 895 2442 minus
924 2390 1015 2444 recte
1039 2383 1131 2464 quod
1157 2385 1331 2449 Reislrium

138 2511 274 2566 secutus
298 2523 360 2585 pro
385 2501 502 2564 ἐκείνων
527 2502 621 2564 dedit
646 2497 759 2578 ἐκείνῳ.
780 2499 919 2582 Quanto
943 2500 1061 2564 melius
1082 2510 1190 2566 totam
1211 2525 1330 2569 vocem

139 2624 378 2706 expunxisset:
404 2622 480 2702 ,ubi
498 2641 574 2683 cum
594 2608 829 2702 procuratores
847 2621 1027 2683 crudeliter
1040 2623 1232 2704 provIncias
1245 2624 1340 2719 lace-t

139 2751 262 2817 rarent,
287 2763 389 2825 opem
413 2742 551 2823 quidem
575 2739 661 2802 serre
686 2740 949 2822 provincialibus
973 2761 1041 2804 non
1061 2742 1229 2824 poterat”.
1255 2744 1330 2807 Hoc

138 2862 219 2924 satis
250 2870 311 2936 est,
344 2870 378 2923 et
409 2859 575 2942 quidquid
604 2868 780 2941 praeterea
803 2860 940 2922 additur
964 2862 1115 2924 maculae
1140 2863 1246 2926 instar
1269 2873 1330 2927 est.

140 2980 242 3045 Unde
266 2988 380 3043 autem
405 2980 493 3042 istud
518 2977 639 3040 ἐκείνων
663 2976 801 3041 natum?
825 2977 882 3040 Ad
908 2977 977 3041 ἐπεί
996 2978 1117 3061 aliquis
1135 2983 1331 3047 emendatio·

138 3121 209 3163 nem
243 3099 308 3162 ἐκεῖ
337 3100 526 3182 adscripsit,
552 3119 639 3180 quae
664 3099 697 3159 in
722 3098 869 3160 alienum
894 3105 1008 3160 textus
1032 3096 1144 3163 locum
1169 3102 1262 3165 illata
1286 3104 1330 3166 ad

137 3220 347 3301 subsequens
373 3218 575 3282 vocabulum
600 3226 772 3299 utcunque
797 3226 849 3279 est
871 3218 1140 3282 accommodata.

183 3339 292 3403 Galba
324 3338 408 3400 XIII
454 3337 684 3419 Nymphidius
727 3335 872 3400 Sabinus
917 3356 993 3399 cum
1038 3338 1328 3419 praetorianomm

137 3460 241 3522 duces
275 3457 415 3521 consilia
450 3457 554 3539 ipsius
589 3458 749 3520 adiuvare
781 3454 921 3530 nollent,
960 3456 1031 3536 ipse
1069 3476 1129 3539 per
1166 3478 1202 3520 se
1239 3460 1329 3523 viam

136 3581 200 3643 sibi
235 3581 278 3643 ad
316 3580 544 3663 principatum
578 3579 693 3659 coepit
729 3579 868 3640 munire.
914 3576 966 3639 Ne
1006 3576 1132 3641 laceret
1166 3582 1330 3645 monebat

136 3698 338 3783 (οὶτκνίρενε)
358 3697 497 3762 Clodius
521 3696 637 3761 Celsus
661 3696 914 3771 Antiochensis,
940 3697 991 3759 vir
1014 3699 1162 3780 prudens
1182 3700 1329 3766 dicendo

135 3821 199 3883 sibi
232 3840 275 3883 ne
311 3840 412 3882 unam
444 3819 583 3899 quidem
615 3818 648 3879 ln
674 3817 756 3879 urbe
781 3816 922 3878 insulam
948 3817 1054 3879 videri
1079 3818 1328 3901 Nymphidium

136 3939 316 4004 Caesarem
340 3960 413 4002 esse
437 3938 674 4001 salutaturam:
699 3933 788 3997 οὶλλίι
812 3933 921 3997 πολλοὶ
944 3936 1126 4012 κοτεγὲιιων
1147 3938 1200 4001 nal
1221 3943 1328 4020 Μιθρι-

136 4061 232 4133 beirna
257 4058 270 4121 ί
296 4059 442 4128 Ποντικὸς
468 4057 671 4120 ἐπισκώπτων
691 4054 746 4126 τίιν
767 4056 1001 4132 Φοιλοοκρίτκτιο
1022 4062 1075 4119 τοῦ
1097 4056 1216 4132 Γάλβα
1238 4081 1327 4123 nunc

135 4182 226 4264 apud
260 4181 434 4243 Romanos
466 4198 543 4240 eum
576 4175 712 4239 dicebat
742 4176 776 4237 in
808 4174 922 4255 aliquo
954 4195 1026 4237 esse
1059 4179 1179 4259 pretio,
1203 4179 1262 4242 sed
1287 4180 1330 4242 si·

136 4301 310 4381 mulatque
346 4301 379 4360 in
415 4316 532 4360 eorum
568 4297 715 4359 venisset
750 4302 983 4375 conspectum,
1019 4294 1090 4359 fore
1126 4306 1162 4360 ut
1196 4299 1327 4362 dlerum

133 4421 278 4496 illorum,
303 4439 363 4502 per
387 4437 473 4500 quos
496 4416 620 4480 Caesar
643 4415 754 4479 dictus
777 4422 876 4489 esset,
900 4414 1072 4480 videretur
1095 4418 1328 4500 opprobrium.
