3210 5274
775 394 817 474 83

200 569 319 632 Livius
342 579 377 632 et
401 570 448 633 ob
472 590 548 633 eam
572 591 644 633 rem
669 570 812 633 multum
837 579 888 634 est
912 571 946 634 in
967 572 1038 634 eius
1059 570 1218 654 exemplo
1239 570 1397 653 praesidii

200 687 375 751 Cremutio
394 687 427 771 ¹).

247 807 378 888 Quodsi
410 809 486 889 quis
517 829 570 871 me
603 817 711 890 rogat,
743 809 825 890 quid
858 829 939 890 ergo
970 810 1013 871 sit
1044 811 1224 893 oppositum
1250 809 1339 884 fidei,
1365 810 1398 871 in

202 937 363 1010 promptu
388 937 439 991 est
464 949 675 1010 responsum.
701 930 764 992 Est
787 929 963 1004 discordia,
989 930 1080 1011 quod
1107 929 1309 992 vocabulum
1334 930 1399 992 Ta·

201 1048 270 1108 cito
303 1047 335 1109 in
361 1047 491 1110 deliciis
515 1068 587 1110 esse
612 1049 757 1124 videtur,
783 1070 893 1131 neque
918 1059 1033 1112 tamen
1057 1070 1192 1131 semper
1215 1069 1275 1112 suo
1300 1070 1399 1112 sensu

200 1167 377 1248 accipitur.
403 1166 504 1228 Dabo
529 1186 633 1230 unum
659 1176 694 1229 et
718 1168 861 1230 alterurn
885 1167 1015 1230 locum:

248 1285 292 1347 H.
317 1285 343 1358 1,
370 1299 421 1365 53.
450 1284 616 1364 „Caecina
639 1306 739 1368 aegre
764 1307 882 1369 passus
906 1287 962 1366 (sc.
987 1307 1023 1349 se
1048 1307 1067 1350 a
1091 1286 1200 1350 Galba
1224 1286 1400 1369 peculatus

200 1405 410 1486 accusatum)
446 1405 587 1468 miscere
623 1415 746 1468 cuncta
781 1414 816 1468 et
852 1406 984 1488 privata
1019 1407 1158 1469 vulnera
1193 1406 1399 1488 reipublicae

202 1524 300 1586 malis
330 1524 463 1606 operire
494 1525 623 1587 statuit.
657 1525 729 1587 Nec
762 1526 904 1588 deerant
934 1527 967 1588 in
1000 1527 1150 1588 exercitu
1181 1527 1311 1588 semina
1335 1526 1401 1589 dis·

201 1643 349 1716 cordiae,
374 1643 466 1724 quod
493 1652 527 1705 et
551 1643 642 1706 bello
666 1645 828 1707 adversus
850 1644 1032 1707 Vindicem
1052 1645 1227 1707 universus
1246 1644 1401 1708 adsuerat

203 1780 266 1823 nec
286 1762 349 1823 nisi
370 1762 483 1824 occiso
506 1762 642 1824 Nerone
662 1763 844 1826 translatus
864 1764 898 1825 in
920 1763 1064 1826 Galbam
1085 1773 1187 1845 atque
1209 1765 1242 1826 in
1263 1783 1304 1826 eo
1325 1764 1400 1846 ipso

201 1889 417 1943 sacramento
441 1881 574 1943 vexillis
597 1881 762 1944 inferioris
788 1881 990 1946 Germaniae
1015 1891 1219 1965 praeventus
1243 1882 1347 1945 erat’'.

248 1999 451 2063 Accuratius
476 2001 584 2064 suerat
608 2002 662 2064 hic
686 2003 769 2084 agri
783 2001 919 2085 fertilis
942 2003 1088 2083 imagine
1112 2003 1171 2077 uti,
1193 2003 1226 2064 in
1247 2022 1315 2084 quo
1336 2003 1402 2064 dis-

202 2121 340 2182 cordiae
380 2121 510 2183 semina
545 2142 642 2183 suurn
678 2122 742 2184 sibi
778 2121 875 2184 facile
910 2122 1102 2184 invenirent
1137 2122 1400 2184 nutrimentum:

202 2240 352 2320 angebat
384 2241 475 2302 enim
504 2260 563 2303 eos
587 2241 795 2304 conscientia
820 2240 1124 2323 intelligebantque
1150 2260 1216 2302 non
1243 2260 1342 2322 posse
1365 2261 1401 2302 se

204 2346 334 2420 Galbae
358 2359 465 2420 videri
491 2360 644 2441 partibus
663 2360 767 2441 ipsius
788 2381 831 2422 ex
851 2361 955 2422 animi
976 2361 1144 2422 sententia
1166 2361 1311 2422 deditos.
1333 2359 1401 2423 Sed

202 2497 428 2559 quaecunque
449 2487 501 2540 est
520 2487 634 2542 cetera
653 2479 718 2541 loci
739 2480 918 2554 sententia,
939 2481 1140 2543 discordiam
1162 2499 1235 2542 esse
1252 2488 1402 2541 mentem

204 2617 322 2660 eorum
355 2599 411 2678 qui
440 2597 537 2660 facile
562 2619 581 2660 a
606 2600 776 2680 praesenti
802 2599 992 2661 desciscant
1016 2599 1221 2680 imperatore
1246 2607 1402 2679 apertum

205 2726 267 2778 est.
298 2715 348 2779 Cf.
373 2736 402 2778 c.
427 2717 471 2780 60
498 2716 571 2796 „Ne
595 2718 628 2778 in
654 2718 828 2780 Britannia
853 2718 992 2798 quidem
1016 2717 1220 2780 dubitatum.
1246 2716 1403 2779 Praeerat

206 2835 396 2898 Trebellius
436 2836 615 2911 Maximus,
652 2857 712 2918 per
748 2837 924 2900 avaritiam
960 2856 1000 2898 ac
1035 2838 1152 2899 sordes
1186 2845 1404 2918 contemptus

205 2955 369 3017 exercitui
395 2956 600 3037 invisusque.
621 2955 847 3018 Accendebat
868 2957 984 3018 odium
1005 2956 1076 3018 eius
1097 2955 1239 3018 Roscius
1260 2955 1403 3030 Caelius,

206 3073 338 3155 legatus
363 3074 542 3136 vicesimae
567 3075 720 3155 legionis,
745 3074 825 3136 olim
850 3073 998 3138 discors”
1022 3075 1043 3136 i.
1064 3094 1093 3135 e.
1114 3074 1156 3137 ad
1178 3075 1403 3137 resistendum

207 3193 404 3274 provinciae
435 3194 582 3275 praesidi
615 3213 813 3275 propensus.
844 3194 888 3256 Et
914 3193 1015 3275 paulo
1039 3202 1118 3275 post
1146 3217 1259 3276 „eoque
1281 3196 1405 3258 drscor·

207 3313 282 3375 diae
311 3311 476 3386 ventum'’,
507 3311 566 3374 ubi
595 3332 663 3374 non
688 3313 731 3374 de
757 3312 919 3374 militibus
943 3314 1030 3375 inter
1052 3333 1086 3374 se
1108 3313 1320 3393 litigantibus
1343 3313 1404 3375 sed

206 3431 249 3493 de
274 3430 438 3492 militibus
460 3431 624 3494 adversus
646 3431 758 3494 ducem
781 3451 877 3494 suum
902 3431 1160 3493 contumacibus
1185 3432 1304 3511 agitur.

254 3549 298 3611 H.
325 3549 368 3622 ΙΙ,
393 3566 423 3631 7.
449 3548 516 3612 Cur
548 3549 725 3612 Mucianus
757 3549 1056 3632 Vespasianusque
1088 3551 1239 3611 nondum
1272 3549 1405 3631 imperii

209 3666 303 3729 irena
321 3666 354 3728 in
374 3686 493 3729 manus
510 3687 643 3729 sumere
657 3667 764 3730 velint
776 3677 810 3730 et
823 3668 897 3730 aliis
909 3669 1021 3730 verbis
1035 3668 1236 3730 describitur
1249 3677 1283 3730 et
1297 3668 1404 3732 hisce:

209 3859 406 3867 ———-—-

247 3968 273 4028 1)
293 3967 354 4028 Quo
379 3966 457 4014 modo
482 3981 514 4014 ex
539 3966 603 4028 Agr.
626 3978 666 4029 ιο,
684 3980 702 4026 4
720 3973 844 4029 appareat
862 3966 954 4032 fidem,
979 3965 1000 4013 si
1024 3980 1083 4012 cum
1104 3965 1257 4029 eloquentia
1275 3966 1406 4034 iungatur,

209 4053 275 4102 nibil
295 4068 351 4101 esse
371 4067 448 4116 posse
467 4067 545 4116 quam
566 4051 818 4115 „Zuverldssigkeit”
835 4051 917 4117 (quod
935 4049 1055 4115 perhibet
1072 4050 1252 4117 Andresenus)
1269 4068 1321 4101 non
1339 4069 1406 4103 asse·

210 4154 288 4202 quor:
309 4140 347 4188 ibi
367 4138 437 4187 enim
456 4153 515 4186 cum
534 4137 686 4200 eloquentia
705 4137 873 4202 coniungitur
891 4136 945 4202 (vel
963 4137 1049 4201 potius
1068 4137 1235 4200 eloquentiae
1252 4137 1408 4207 opponitur)

210 4241 263 4274 non
279 4226 349 4291 fides
368 4240 457 4273 verum
476 4239 565 4272 rerum
578 4223 655 4288 fides.
675 4223 772 4272 Nostro
791 4224 923 4273 annalium
942 4224 1000 4273 loco
1020 4223 1042 4272 si
1054 4223 1123 4289 fidcs
1142 4231 1194 4272 est:
1217 4225 1407 4290 „Zuverl'rtssig·

209 4310 282 4360 teia*
308 4309 569 4376 (Glaubroic'rdr'gkeit
593 4308 636 4357 bic
660 4308 768 4358 dixerim
794 4311 903 4376 potius),
926 4310 1027 4358 nullum
1053 4324 1158 4373 prorsus
1183 4308 1315 4360 Cremutio
1334 4327 1408 4376 argu·

210 4408 327 4446 mentum
346 4396 437 4446 Livius
457 4397 573 4460 praebet.
