3292 5280
797 393 857 457 ¹33

224 555 335 618 evasit
364 575 442 618 cum
466 555 570 637 signis
594 555 816 639 captivisque,
840 577 926 638 quos
951 559 1059 641 prima
1083 558 1155 621 acie
1179 557 1422 641 corripuerant.

224 673 410 738 Caesorum
435 694 476 737 eo
500 674 554 737 die
580 674 614 736 in
638 675 791 756 partibus
816 677 938 739 nostris
964 677 1070 741 maior
1095 697 1261 751 numerus,
1286 684 1338 738 set
1362 677 1422 739 im·

221 792 359 870 bellior;
394 815 412 856 e
445 793 623 858 Germanis
658 795 731 877 ipsa
767 797 900 860 robora.
936 799 1018 862 Dux
1049 810 1184 880 uterque
1209 797 1297 881 pari
1326 797 1422 881 culpo

224 915 365 978 meritus
387 916 542 990 adverso,
562 916 739 999 prosperis
761 917 931 999 defuere.”

269 1034 508 1097 Narrationem
530 1034 658 1098 claudit
675 1037 845 1100 sententia
865 1038 1111 1114 venustissima,
1128 1039 1188 1101 sed
1206 1037 1300 1101 cuius
1317 1037 1423 1101 altera

223 1162 357 1218 tantum
391 1174 469 1236 pars
497 1136 597 1218 rebus
621 1155 701 1237 ipsis
725 1165 759 1219 et
784 1157 917 1220 veritati
941 1160 1136 1240 respondet,
1159 1158 1265 1220 altera
1289 1166 1341 1220 est
1365 1156 1423 1220 lal-

225 1275 367 1338 sissima.
401 1272 492 1356 Quid
523 1272 636 1338 enim?
668 1275 706 1338 In
736 1284 881 1358 utroque
905 1277 991 1340 duce
1015 1277 1111 1361 culpa
1135 1277 1208 1353 fuit,
1232 1298 1340 1360 eaque
1364 1279 1423 1340 ad·

228 1395 368 1458 modum
405 1395 533 1476 gravis:
571 1395 725 1458 Voculae
760 1395 967 1480 negligentia
998 1396 1125 1460 factum
1156 1406 1207 1460 est
1240 1406 1276 1460 ut
1307 1396 1423 1461 Civilis

227 1515 416 1596 Batavique
452 1515 644 1596 „improvisi
675 1524 785 1578 castra
815 1515 988 1578 involare”
1021 1524 1175 1600 possent;
1202 1515 1317 1580 Civilis
1340 1525 1422 1580 ster·

227 1636 359 1710 nendis,
392 1654 477 1717 quos
508 1643 587 1697 ante
619 1634 736 1698 oculos
768 1635 927 1712 habebat,
960 1636 1114 1698 hostibus
1139 1636 1237 1699 nimis
1261 1637 1422 1711 intentus,

225 1756 308 1839 quid
339 1776 360 1818 a
390 1763 487 1836 tergo
520 1754 614 1817 lieret
647 1776 714 1818 non
738 1756 1044 1831 animadvertebat,
1070 1777 1180 1837 neque
1205 1776 1286 1839 ergo
1310 1757 1423 1839 prohi-

226 1876 307 1938 bere
328 1875 439 1956 potuit
459 1874 640 1955 quominus
660 1895 797 1938 suorum
819 1896 942 1957 magna
962 1894 1040 1957 pars
1059 1877 1294 1957 trucidaretur.
1316 1877 1423 1958 Igitur

226 1994 259 2056 in
293 2001 438 2075 utroque
470 1994 556 2056 duce
584 2014 652 2056 non
675 1993 784 2057 solum
809 1995 905 2077 culpa
929 1993 991 2057 suit
1015 1996 1075 2057 sed
1099 1995 1203 2058 etiam
1220 2007 1292 2078 par
1316 1995 1423 2079 culpa,

225 2134 378 2178 summae
404 2134 527 2196 nempe
551 2113 788 2197 negligentiae.
814 2113 882 2178 Sed
907 2115 988 2178 illud
1017 2115 1205 2197 „prosperis
1228 2115 1367 2178 deesse”
1389 2117 1422 2179 in

228 2255 331 2298 unum
364 2233 531 2298 Voculam
559 2235 730 2298 convenit.
756 2234 845 2297 Nam
869 2234 985 2299 Civilis
1008 2236 1158 2319 quidem,
1183 2235 1345 2317 quamdiu
1371 2255 1423 2297 res

229 2374 391 2438 prospere
422 2355 490 2417 suis
521 2355 677 2429 cedebat,
710 2354 850 2417 minime
882 2355 1003 2418 defuit:
1036 2356 1141 2417 immo
1173 2355 1236 2418 nisi
1264 2362 1423 2436 „repente

229 2495 321 2538 novo
352 2473 478 2537 auxilio
510 2474 644 2537 fortuna
675 2472 831 2556 pugnae'’
864 2483 994 2538 mutata
1026 2483 1125 2550 esset,
1156 2475 1246 2556 ipsas
1273 2473 1424 2555 legiones

229 2596 463 2659 Romanorum
495 2593 673 2656 occidione
705 2593 895 2656 occidisset.
925 2592 1016 2676 Quid
1041 2594 1131 2656 enim
1155 2601 1208 2656 est
1236 2594 1425 2676 „prosperis

227 2712 384 2780 deesse”?
419 2715 468 2780 Ut
503 2715 641 2795 opinor:
675 2713 816 2776 victoria
848 2733 907 2776 sua
940 2734 1007 2776 non
1039 2714 1143 2787 abuti,
1176 2714 1235 2777 sed
1268 2714 1424 2776 socordia

227 2835 437 2918 mollitieque
473 2835 626 2897 hostibus
657 2834 871 2897 occasionem
904 2835 1066 2916 praebere
1097 2834 1318 2897 subtrahendi
1351 2855 1423 2897 sese

227 2954 389 3039 periculo
414 2954 491 3017 Hoc
515 2953 648 3017 Vocula
672 2953 859 3029 commisit;
880 2954 1025 3016 etenim:
1051 2974 1174 3036 „eques
1194 2954 1423 3037 (Batavorum)

228 3074 337 3139 evasit
361 3094 437 3137 cum
462 3073 566 3156 signis
586 3073 809 3155 captivisque,
830 3093 915 3155 quos
936 3073 1044 3154 prima
1063 3073 1136 3135 acie
1157 3072 1422 3155 corripuerant”;

229 3214 436 3277 magnopere
468 3213 550 3275 ergo
581 3192 863 3275 reprehendenda
895 3193 966 3255 eius
998 3193 1215 3275 negligentia,
1247 3193 1273 3255 si
1306 3214 1423 3256 verum

230 3324 292 3390 est,
324 3314 416 3396 quod
447 3322 521 3376 tota
545 3313 737 3376 narratione
761 3312 929 3395 significat
953 3312 1100 3388 Tacitus,
1127 3332 1231 3394 penes
1255 3312 1424 3375 Voculam

229 3435 329 3498 luisse
362 3434 465 3496 etiam
497 3432 651 3513 captivos
681 3430 755 3494 illos
783 3431 947 3513 signaque
980 3452 1188 3513 recuperare.
1218 3432 1423 3494 Batavorum
1495 3442 1498 3446 ⁴

228 3574 310 3617 vero
332 3554 453 3616 ducem
473 3551 595 3615 eadem
614 3551 795 3634 complecti
817 3552 1066 3634 vituperatione
1083 3552 1266 3614 absurdum
1280 3552 1423 3613 videtur.

276 3673 451 3736 Laudatur
479 3691 581 3754 saepe
604 3671 715 3733 Taciti
743 3670 1015 3753 „psychologia'’:
1042 3671 1189 3753 pectoris
1213 3671 1350 3733 humani
1375 3691 1424 3733 re·

232 3812 355 3867 cessus,
387 3791 542 3873 quamvis
573 3790 719 3865 abditos,
751 3789 831 3852 nulli
864 3791 971 3873 magis
1003 3811 1105 3872 quam
1130 3791 1176 3853 illi
1201 3791 1300 3854 fuisse
1325 3799 1425 3854 notos

230 3911 420 3976 communis
451 3919 503 3973 est
534 3911 703 3991 quaedam
735 3910 910 3973 hominum
943 3912 1069 3992 opinio
1103 3911 1223 3993 Neque
1248 3932 1312 3994 ego
1337 3931 1425 3992 nego

232 4032 418 4095 admodum
441 4029 563 4093 multas
584 4050 628 4092 ex
648 4031 719 4093 eius
738 4030 831 4093 libris
850 4031 959 4094 afferri
981 4052 1080 4113 posse
1093 4032 1289 4107 sententias,
1302 4032 1425 4113 quibus

231 4158 382 4214 secretae
402 4149 577 4212 hominum
598 4149 833 4231 cogitationes,
854 4169 1042 4231 causaeque
1064 4152 1318 4225 remotissimae,
1338 4172 1425 4233 quae

231 4271 404 4334 interdum
428 4270 471 4332 ad
496 4269 667 4351 agendum
692 4268 869 4351 impellant
893 4268 1057 4344 homines,
1083 4270 1212 4352 optime
1233 4270 1425 4332 describan-

232 4399 295 4454 tur.
321 4388 389 4454 Sed
417 4389 616 4471 plerumque
641 4408 681 4451 ea
704 4395 776 4450 arte
800 4388 905 4479 utitur
924 4388 967 4450 ad
989 4408 1105 4450 eorum
1126 4389 1261 4472 ingenia
1282 4398 1316 4451 et
1337 4389 1426 4452 facta
