3210 5274
783 321 824 387 23

203 482 283 546 dem
316 480 493 544 nocuerit’'
517 481 572 545 vel
599 503 661 563 ,ne
684 496 864 567 serpentem
889 485 1026 566 quidem
1051 483 1237 546 occiderit”
1261 484 1400 546 diceret.

245 600 332 664 Tam
355 609 471 663 autem
496 602 559 683 ipsi
584 610 724 664 naturae
749 602 896 665 hominis
920 603 1074 664 innatum
1094 609 1145 664 est
1165 601 1247 663 illud
1271 602 1400 676 vitium,

200 728 342 801 tamque
373 718 507 782 facilem
538 719 643 782 habet
674 721 939 794 excusationem,
972 728 1009 783 ut
1041 719 1179 782 minime
1211 719 1333 782 mirum
1358 720 1401 781 sit

200 841 306 903 etiam
337 840 371 902 in
402 838 664 902 cultissimorum
689 841 891 923 scriptorum
916 840 1008 902 libris
1033 839 1191 921 exempla
1215 841 1286 901 eius
1310 841 1401 901 inve·

203 959 277 1023 niri.
310 959 364 1022 De
396 958 556 1041 exemplo
587 980 607 1022 a
636 959 744 1023 Pollio
769 981 787 1023 e
812 959 1046 1023 Demosthene
1071 958 1205 1041 prolato
1229 959 1296 1021 iam
1320 959 1401 1032 dixi,

201 1088 238 1142 et
258 1080 399 1142 omnino
418 1097 494 1141 rara
513 1099 586 1141 esse
607 1079 729 1161 opinor
749 1100 836 1160 quae
849 1079 930 1142 nulli
943 1081 1010 1142 sint
1023 1079 1173 1143 obnoxia
1185 1079 1401 1141 dubitationi.

205 1198 311 1280 Apud
344 1197 502 1293 Tacitum
533 1206 649 1261 tamen
682 1200 750 1261 duo
782 1197 863 1260 mihi
897 1197 1161 1280 deprehendisse
1194 1198 1328 1260 videor:
1359 1198 1402 1259 de

205 1316 381 1380 altero-
403 1324 508 1398 atque
532 1315 614 1379 illud
639 1317 730 1399 prius
755 1317 924 1398 proferam
948 1325 1107 1379 -certa
1131 1316 1212 1379 mihi
1237 1325 1305 1379 stat
1328 1336 1402 1378 sen-

205 1419 326 1510 tehtia,
350 1435 394 1498 de
418 1434 527 1498 altero
550 1435 703 1516 suspicor
725 1442 868 1498 tantum.

252 1553 296 1616 H.
331 1553 356 1615 1.
391 1570 442 1634 33.
474 1552 638 1615 Discessit
670 1572 690 1614 a
720 1551 829 1615 Galba
858 1552 951 1618 Otho
974 1573 1078 1634 seque
1102 1554 1146 1615 ad
1171 1553 1404 1635 praetorianos

204 1671 361 1735 contulit.
393 1671 432 1733 In
461 1671 590 1734 Palatio
614 1671 652 1734 fit
677 1680 850 1735 certamen
874 1672 1083 1754 opinionum.
1109 1672 1179 1735 Alii
1204 1681 1403 1754 exspectan·

204 1791 287 1853 dum
308 1810 381 1853 esse
400 1797 541 1852 censent
561 1789 834 1872 firmandumque
856 1790 1031 1865 Palatium,
1047 1799 1170 1872 sponte
1183 1790 1402 1853 emoriturum

203 1909 477 1973 adversariorum
509 1908 674 1990 impetum
707 1909 781 1970 rati.
814 1906 883 1970 Alii
908 1917 1027 1970 contra
1059 1928 1173 1970 morae
1197 1917 1276 1971 sunt
1298 1909 1404 1990 impa-

205 2029 332 2091 tientes
367 2025 580 2108 Galbamque
612 2026 655 2088 ad
687 2025 787 2089 fortia
818 2026 961 2089 incitant
992 2025 1141 2089 consilia.
1173 2025 1268 2089 Haec
1301 2027 1405 2109 ipsius

206 2146 318 2209 Taciti
344 2147 450 2209 verba
472 2153 566 2208 sunt:

252 2264 499 2327 Festinandum
519 2263 642 2326 ceteris
660 2264 850 2339 videbatur,
870 2272 1055 2345 antequam
1076 2274 1242 2328 cresceret
1256 2266 1404 2328 invalida

206 2384 320 2448 adhuc
351 2383 540 2446 coniuratio
573 2402 768 2464 paucorum.
800 2383 1064 2464 Trepidaturum
1092 2384 1195 2446 etiam
1219 2383 1403 2459 Othonem,

207 2504 266 2585 qui
290 2502 416 2565 furtum
441 2502 622 2586 digressus
646 2503 689 2564 ad
714 2503 849 2584 ignaros
868 2501 1002 2575 inlatus,
1024 2503 1241 2565 cunctatione
1261 2523 1350 2565 nunc
1371 2512 1406 2566 et

205 2622 354 2703 segnitia
375 2622 558 2684 terentium
581 2629 717 2702 tempus
742 2620 865 2682 imitari
890 2620 1079 2702 principem
1103 2621 1221 2683 discat.

258 2740 368 2819 ,Dum
392 2759 455 2802 nos
473 2748 609 2820 tempus
627 2737 799 2813 terimus'’,
821 2740 916 2801 aiunt
940 2738 1052 2819 ,Otho
1072 2739 1195 2802 imitari
1216 2739 1404 2821 principem

207 2858 342 2923 discit”.
363 2859 413 2922 At
433 2859 460 2921 si
481 2858 564 2922 nihil
585 2857 672 2921 ultra
692 2857 821 2921 Othoni
841 2859 1034 2939 acquiritur,
1056 2877 1158 2939 quam
1172 2858 1264 2940 quod
1277 2858 1406 2920 interea

206 2979 343 3042 imitari
360 2977 599 3041 tantummodo
620 2977 808 3059 principem
829 2977 939 3051 discit,
961 2996 1028 3039 non
1045 2977 1231 3039 admodum
1245 2997 1404 3059 magnum

208 3116 306 3159 mora
340 3096 437 3184 affert
469 3094 665 3177 periculum.
698 3095 786 3157 Tum
819 3097 955 3158 demum
988 3095 1216 3158 festinandum
1248 3104 1347 3169 esset,
1378 3096 1405 3157 si

207 3222 417 3277 metueretur
440 3233 482 3276 ne
506 3233 568 3295 per
592 3212 730 3294 aliquod
756 3213 919 3294 temporis
938 3213 1151 3276 intervallum
1171 3214 1280 3276 bonus
1301 3215 1407 3296 impe-

209 3341 304 3396 rator
326 3340 361 3394 et
385 3331 513 3414 peritus
537 3330 712 3412 copiarum
736 3351 870 3393 suarum
891 3330 961 3393 dux
982 3329 1075 3394 Otho
1095 3331 1201 3394 fieret.
1224 3333 1269 3395 Et
1289 3353 1406 3395 revera

209 3450 293 3513 illud
314 3457 471 3513 metuunt
491 3450 548 3531 qui
569 3469 646 3511 cum
664 3448 773 3512 Galba
785 3449 1036 3530 quamprimum
1050 3450 1186 3512 obviam
1200 3452 1246 3513 ire
1260 3450 1406 3515 Othonis

211 3569 393 3632 conatibus
426 3569 587 3650 gestiunt,
624 3575 658 3629 et
692 3586 806 3629 secum
841 3567 888 3628 sic
919 3565 1119 3648 loquuntur:
1156 3589 1263 3648 ,nunc
1295 3590 1406 3651 neque

211 3687 307 3752 Otho
328 3686 451 3750 milites
471 3686 568 3749 novit
588 3705 699 3766 neque
720 3684 766 3746 illi
787 3683 970 3760 Othonem,
993 3706 1081 3749 nunc
1102 3687 1183 3768 quid
1203 3696 1282 3770 agat
1300 3690 1408 3752 nescit

211 3807 334 3881 etiam;
359 3813 394 3867 at
418 3806 445 3867 si
469 3804 677 3887 aliquamdiu
701 3803 735 3866 in
759 3805 877 3867 castris
900 3806 1133 3886 permanserit,
1157 3807 1183 3867 si
1209 3807 1299 3869 vitae
1324 3807 1408 3870 mili·

210 3926 275 3988 tari
300 3925 415 3989 denuo
439 3924 634 3999 assueverit,
659 3931 695 3985 ut
716 3931 767 3985 est
787 3923 891 3984 homo
910 3925 1017 3986 comis
1037 3933 1071 3986 et
1090 3925 1263 4001 facundus,
1285 3926 1409 3990 milites

212 4045 275 4107 sibi
300 4041 474 4106 devinciet
498 4042 545 4104 ita
568 4050 605 4105 ut
629 4061 691 4123 pro
716 4039 773 4103 illo
798 4050 988 4104 extremum
1013 4044 1107 4105 adire
1130 4044 1314 4125 periculum
1340 4066 1408 4109 non

212 4159 403 4225 recusent”.
424 4160 473 4223 At
494 4159 593 4222 simul
613 4158 797 4234 Othonem,
819 4161 926 4224 virum
944 4160 1150 4225 levissimum
1163 4163 1410 4247 voluptatibus·

213 4302 279 4364 que
311 4281 467 4345 deditum
499 4281 586 4342 adeo
617 4288 841 4342 contemnunt
873 4289 910 4342 ut
934 4282 977 4344 de
1001 4302 1043 4344 eo
1067 4291 1241 4365 tamquam
1266 4285 1308 4347 de
1331 4305 1410 4348 vero
