3292 5280
787 383 851 447 206

266 566 468 627 Tacitumne
488 565 665 627 credamus
685 563 812 626 nomini
836 561 990 626 Corinthi
1008 560 1225 641 adscripsisse
1247 556 1420 635 „Achaiae

222 683 338 758 urbe,''
362 704 404 745 an
430 704 505 746 cum
532 684 658 747 Iacobo
682 684 746 745 ista
770 682 952 744 reddamus
974 677 1102 743 sciolo?
1126 677 1179 740 Ne
1201 676 1349 749 dubites,
1372 676 1419 736 in-

222 804 314 887 spice
347 824 433 886 quae
458 805 500 865 ad
526 802 570 865 A.
597 803 640 878 V,
670 820 707 866 10
730 801 977 865 annotavimus.
1015 800 1092 862 Non
1119 798 1231 860 minus
1255 795 1419 858 insulsum

222 925 345 1005 (neque
366 924 472 1004 magis
495 923 587 1003 utile)
608 923 947 1004 interpretamentum
969 920 1003 982 in
1022 919 1115 982 hisce
1128 916 1418 1000 deprehendimus

224 1043 279 1123 (H.
313 1042 356 1116 II,
391 1058 449 1106 20:
479 1043 521 1104 de
546 1042 692 1105 Caecina
715 1043 826 1123 agitur
849 1060 926 1103 curn
951 1039 1102 1102 exercitu
1127 1057 1187 1119 per
1213 1035 1349 1098 Italiam
1374 1036 1421 1095 in-

223 1163 396 1242 cedente):
422 1171 596 1241 ,ornatum
617 1162 721 1243 ipsius
741 1160 924 1242 municipia
943 1168 978 1222 et
998 1157 1152 1221 coloniae
1173 1156 1205 1217 in
1227 1152 1421 1236 superbiam

223 1284 415 1357 trahebant,
436 1284 527 1364 quod
549 1281 742 1347 versicolori
763 1280 891 1363 sagu10,
912 1280 1031 1343 bracas
1047 1274 1243 1364 [barbarum
1256 1269 1420 1358 tegimen]

224 1404 361 1466 indutus
384 1412 520 1483 togatos
543 1401 806 1484 alloqueretur.'’

270 1523 474 1604 Unquamne
488 1522 667 1604 quisquam
680 1521 816 1584 inclusis
829 1521 941 1584 verbis
954 1520 1246 1603 patrocinabitur?
1266 1513 1421 1593 βροτοῖσιν

222 1641 306 1707 οὐδέν
329 1643 394 1704 ἐστ’
419 1641 595 1722 ἀπώμςτον.

270 1763 313 1825 H.
339 1763 382 1838 11,
405 1781 456 1844 23.
479 1763 625 1825 Marcius
647 1761 772 1836 Macer,
794 1762 864 1825 dux
885 1760 1109 1836 Othonianus,
1131 1783 1201 1825 rem
1223 1764 1313 1826 bene
1335 1766 1421 1845 gerit

224 1883 283 1944 sed
311 1883 451 1944 victoria
475 1903 535 1944 sua
559 1902 626 1943 non
651 1880 820 1963 abutitur:

274 2000 494 2084 ,Suspectum
528 2002 561 2063 id
591 1999 795 2064 Othonianis
820 1999 892 2075 suit,
916 2001 1031 2064 omnia
1054 2003 1177 2063 ducum
1204 2001 1294 2065 lacta
1320 2025 1423 2085 prave

226 2122 494 2184 aestimantibus.
513 2120 688 2194 Certatim,
709 2131 744 2183 ut
762 2121 905 2201 quisque
918 2121 1032 2183 animo
1045 2121 1196 2203 ignavus,
1211 2142 1342 2204 procax
1355 2144 1423 2198 ore,

225 2241 377 2303 Annium
410 2240 544 2303 Gallum
569 2250 602 2302 et
628 2238 827 2303 Suetonium
855 2239 1029 2303 Paulinum
1053 2250 1087 2303 et
1112 2242 1259 2305 Marium
1286 2243 1421 2307 Celsum

224 2360 325 2423 variis
350 2360 546 2421 criminibus
571 2358 820 2421 incessebant.”

270 2479 326 2542 Ad
354 2480 491 2541 nomina
516 2479 571 2541 illa
595 2480 774 2561 adscripsit
798 2478 936 2560 aliquis:
966 2500 1063 2560 ,nam
1087 2500 1146 2544 eos
1170 2502 1310 2565 quoque
1332 2483 1425 2547 Otho

226 2598 467 2680 praefecerat,”
492 2608 667 2680 tamquam
692 2599 718 2660 si
739 2599 896 2680 cuiquam
917 2599 1102 2681 legentium
1123 2602 1231 2682 ignoti
1252 2623 1328 2665 esse
1348 2624 1423 2686 pos·

225 2728 300 2782 sent
322 2720 469 2817 primarii
492 2719 538 2781 illi
560 2718 790 2801 praeclarique
804 2719 908 2781 duces
921 2718 1117 2794 Othoniani,
1130 2721 1174 2783 ad
1187 2741 1275 2803 quos
1289 2733 1421 2797 cuncta,

225 2858 312 2920 quae
335 2839 489 2920 proxime
510 2838 728 2920 praecedunt,
749 2846 826 2899 sunt
847 2837 1033 2914 referenda,
1055 2840 1097 2902 de
1118 2841 1313 2925 quibusque
1335 2845 1359 2917 Ι,
1382 2846 1421 2926 87

225 2959 358 3020 disertis
371 2959 483 3021 verbis
497 2968 666 3021 narratum
681 2967 747 3021 est:
765 2959 937 3041 ,peditum
951 2960 1171 3041 equitumque
1184 2964 1295 3044 copiis
1305 2963 1422 3027 Sueto·

225 3078 299 3140 nius
320 3078 486 3152 Paulinus,
510 3078 635 3140 Marius
649 3077 776 3152 Celsus,
789 3077 923 3140 Annius
937 3077 1053 3142 Gallus
1066 3089 1214 3143 rectores
1228 3083 1422 3147 destinati.”

224 3198 295 3259 Iam
331 3198 432 3272 satis,
469 3206 506 3260 ut
542 3199 681 3279 opinor,
714 3216 802 3259 nunc
834 3206 977 3281 apparet
1008 3219 1110 3280 quam
1143 3201 1300 3282 ineptum
1334 3206 1421 3267 istud

224 3337 346 3397 quoque
365 3317 417 3377 sit.
440 3316 485 3376 Et
505 3324 621 3377 tamen
642 3315 805 3397 puerilem
826 3316 924 3378 istam
945 3319 1214 3395 annotationem,
1232 3322 1266 3384 in
1289 3332 1421 3387 textum

225 3444 408 3517 receptam,
429 3456 488 3517 per
507 3435 642 3516 longam
663 3435 872 3498 saeculorum
886 3437 1006 3500 seriem
1021 3459 1130 3521 aequo
1144 3441 1259 3504 animo
1274 3444 1423 3507 tulerunt

227 3557 287 3618 viri
313 3557 416 3628 docti,
442 3557 551 3617 donec
576 3557 715 3618 tandem
741 3555 924 3638 aliquando
951 3559 1094 3637 Rittero,
1120 3561 1193 3624 viro
1214 3564 1421 3639 acutissimo,

227 3676 315 3738 sraus
339 3675 497 3749 soboluit,

274 3795 316 3856 H.
343 3795 386 3870 ll,
413 3795 464 3855 28.
491 3794 671 3856 Praetextu
696 3794 800 3856 utitur
825 3794 951 3858 Valens
974 3799 1016 3860 ad
1039 3799 1243 3866 Batavorum
1265 3806 1423 3870 cohortes

228 3913 380 3975 turbidas
399 3914 617 3974 amovendas.
644 3911 745 3992 Quod
767 3914 823 3975 ubi
842 3917 962 3978 ceteris
980 3917 1142 3981 militibus
1160 3924 1337 4004 cognitum
1357 3940 1421 4003 est,

228 4032 369 4094 tremere
391 4052 509 4094 omnes
531 4033 642 4093 orbari
663 4052 698 4093 se
720 4032 1076 4101 validissimoauxilio.
1103 4040 1194 4123 Ergo
1208 4064 1287 4107 cum
1301 4050 1423 4112 acerba

228 4153 438 4232 querimonia
463 4161 497 4214 et
521 4152 585 4214 alia
610 4153 785 4234 disputant
809 4164 844 4214 et
868 4154 968 4217 haec:

277 4271 329 4349 „Si
364 4271 559 4353 provincia'’
593 4274 681 4351 (nam
714 4273 757 4333 ad
792 4293 866 4334 earn
895 4274 1145 4341 defendendam
1170 4282 1318 4348 Batavos
1343 4289 1423 4352 istos

230 4391 357 4453 Valens
389 4392 573 4473 dimiserat)
607 4392 689 4453 urbe
721 4402 754 4453 et
788 4392 895 4455 salute
926 4395 1058 4477 imperii
1089 4402 1203 4481 potior
1226 4405 1279 4481 sit,
1306 4428 1423 4471 omnes
