3292 5280
813 375 868 421 121

241 538 382 619 gissent,
406 537 525 618 reliqui
550 538 681 599 omissis
705 539 801 620 pagis
821 539 971 620 vicisque
991 541 1024 601 in
1046 539 1147 602 silvas
1167 537 1437 621 disperguntur‘’.

288 656 366 739 Quo
400 657 520 721 ordine
556 656 638 720 haec
674 659 789 722 omnia
819 668 915 740 gesta
945 660 1013 720 sint
1044 679 1062 720 e
1094 658 1204 721 Taciti
1237 658 1349 721 verbis
1380 659 1438 721 vix

241 778 378 851 efficias,
403 778 475 859 ipse
499 778 534 840 id
556 785 720 859 exputare
740 778 863 853 debes3
885 779 976 859 quod
999 777 1055 840 ubi
1076 777 1194 852 iecisti,
1216 798 1268 840 res
1287 777 1349 839 tibi
1369 786 1438 840 stat

241 906 322 960 ante
354 897 471 959 oculos
502 896 592 959 clara
623 897 722 959 nimis
754 905 857 978 atque
890 898 1082 979 perspicua:
1116 917 1184 960 non
1216 897 1258 959 de
1290 896 1438 978 antiquis

244 1017 408 1081 Romanis
438 1016 522 1080 haec
555 1017 679 1079 narrari
712 1017 774 1079 tibi
807 1017 965 1080 videntur
995 1018 1054 1080 sed
1085 1018 1128 1080 de
1153 1018 1217 1080 illis
1242 1017 1438 1100 aequalibus

243 1137 377 1210 nostris,
414 1137 471 1218 qui
504 1136 667 1199 Romanis
698 1156 734 1199 se
765 1136 891 1198 similes
922 1156 1087 1218 paresque
1119 1137 1304 1218 gloriantur
1334 1145 1437 1218 atque

242 1257 317 1319 dira
346 1265 437 1319 certe
462 1264 497 1318 et
520 1256 658 1318 immani
683 1255 884 1318 crudelitate
913 1257 1011 1337 (quae
1036 1255 1098 1318 nisi
1123 1257 1156 1318 in
1181 1255 1436 1332 abiectissimos,

241 1376 470 1460 pravissimos
499 1376 743 1457 ignavissimos,
768 1374 922 1438 homines
946 1376 1067 1438 cadere
1093 1396 1161 1438 non
1184 1376 1285 1457 solet)
1311 1375 1435 1438 Roma·

243 1516 364 1559 norum
389 1497 554 1577 pessimos
579 1514 739 1576 superare
761 1495 881 1557 solent.
908 1494 1094 1558 interram
1120 1494 1267 1557 hostium
1289 1495 1435 1557 Romani

240 1615 439 1690 adveniunt,
459 1616 519 1677 sed
540 1616 597 1696 qui
618 1614 818 1678 Chattorum
838 1614 939 1677 arrnis
959 1615 1116 1696 gerendis
1136 1634 1234 1696 pares
1251 1622 1329 1676 sunt
1345 1622 1437 1676 trans

241 1733 367 1797 flumen
399 1753 435 1795 se
467 1742 668 1815 receperunt
699 1733 732 1796 in
760 1733 853 1798 locos
877 1733 940 1795 sibi
965 1742 1074 1815 aptos.
1100 1733 1180 1795 irati
1207 1733 1352 1794 Romani
1376 1733 1436 1794 im·

239 1852 396 1929 bellibus,
427 1854 575 1928 senibus,
606 1854 737 1928 sauciis
769 1855 888 1934 aegris,
919 1855 979 1915 sed
1009 1853 1141 1915 seminis
1166 1854 1364 1935 praesertim
1389 1854 1438 1915 in·

239 1972 457 2053 lantibusque
479 1972 641 2036 necandis
661 1991 749 2053 quae
770 1992 830 2034 sua
850 1973 893 2034 sit
910 1972 1015 2034 virtus
1032 1979 1215 2036 ostentant.
1234 1973 1317 2035 Inde
1332 1981 1436 2054 ponte

239 2093 395 2155 traiicere
427 2091 552 2154 flumen
580 2100 715 2154 tentant
739 2092 901 2155 Romani:
928 2093 984 2154 diu
1011 2092 1049 2153 iis
1072 2092 1241 2154 obsistunt
1266 2092 1437 2167 Germani,

241 2232 305 2294 pro
337 2212 403 2274 aris
434 2210 584 2293 focisque
616 2220 817 2293 pugnantes.
851 2208 917 2291 Qui
943 2210 999 2272 ubi
1025 2210 1200 2292 multiplici
1225 2211 1435 2292 praedonum

241 2350 384 2396 numero
405 2331 526 2393 cedere
547 2338 722 2412 coguntur,
745 2331 838 2411 pacis
858 2329 1004 2392 offerunt
1024 2330 1247 2403 conditiones,
1269 2349 1353 2411 quas
1369 2329 1439 2411 lupi

239 2450 295 2512 isti
326 2450 390 2512 toti
415 2451 563 2532 praedae
587 2450 756 2512 inhiantes
780 2450 910 2532 (aurum
935 2449 1024 2511 enim
1050 2448 1158 2511 celare
1183 2448 1239 2511 illa
1262 2448 1438 2511 dicebatur

238 2578 331 2632 terra
362 2569 404 2632 cl.
438 2569 499 2646 XI,
531 2570 584 2652 20)
616 2577 789 2652 respuunt.
819 2568 917 2631 Nunc
946 2568 1105 2650 ,quidam
1128 2569 1171 2630 ad
1197 2568 1436 2631 Germanicum

237 2687 456 2772 perfugiunt”
480 2689 501 2750 i.
522 2708 562 2762 e.,
585 2697 621 2751 ut
640 2708 704 2769 ego
726 2689 858 2769 opinor,
879 2707 965 2749 unus
984 2695 1020 2749 et
1039 2687 1125 2749 alter
1145 2707 1163 2748 e
1184 2686 1306 2768 regulis
1326 2689 1437 2769 pretio

235 2816 340 2889 atque
366 2808 539 2889 promissis
562 2809 695 2890 capitur
719 2808 766 2869 ita
790 2814 828 2870 ut
852 2827 975 2888 magna
999 2827 1076 2888 pars
1100 2806 1217 2888 populi
1239 2807 1271 2868 in
1291 2806 1435 2869 deditio·

236 2947 315 2990 nem
336 2927 468 2989 venisse
488 2926 653 2989 videatur.
676 2925 726 2988 At
748 2926 876 3007 reliqui,
899 2925 919 2987 i.
933 2946 962 2987 e.
984 2925 1046 3007 ipsi
1068 2923 1125 2999 illi,
1142 2925 1199 3006 qui
1217 2945 1298 3007 prae
1315 2925 1435 2989 ceteris

234 3047 364 3109 strenui
395 3055 474 3108 sunt
507 3045 698 3120 bellatores,
733 3065 821 3107 nunc
850 3044 906 3107 illa
931 3052 1071 3107 utuntur
1094 3045 1268 3125 pugnandi
1293 3045 1433 3119 ratione,

236 3185 327 3247 quae
360 3164 586 3228 funestissima
616 3185 688 3228 esse
720 3163 806 3226 solet
834 3165 1019 3227 alienarum
1043 3172 1207 3227 terrarum
1232 3166 1433 3247 raptoribus.

236 3283 279 3345 In
301 3283 533 3346 Romanorum
553 3284 723 3347 dicionem
744 3282 945 3347 Chattorum
966 3284 1058 3364 regio
1078 3285 1233 3365 pervenit
1249 3304 1431 3365 nunquam.

287 3401 329 3464 A.
354 3403 379 3477 Ι,
407 3418 547 3486 57-59.
574 3401 671 3485 Quae
700 3403 754 3466 hic
778 3411 955 3466 narrantur
979 3423 1096 3466 revera
1119 3403 1186 3466 alio
1211 3404 1313 3465 modo
1337 3412 1433 3485 gesta

233 3542 311 3585 esse
335 3521 370 3585 et
395 3543 447 3585 res
470 3525 544 3605 ipsa
568 3522 692 3586 clamat
717 3522 876 3604 (narratio
900 3522 990 3584 enim
1015 3523 1180 3585 eiusmodi
1202 3530 1253 3584 est
1274 3530 1309 3584 ut
1330 3541 1431 3584 nemo

232 3642 267 3704 ei
293 3640 395 3704 fidem
420 3641 547 3704 habere
572 3642 689 3724 possit)
711 3641 745 3705 et
765 3643 932 3723 quaedam
954 3640 1129 3715 vocabula,
1151 3640 1273 3721 quibus
1293 3640 1430 3704 Tacitus

229 3761 352 3835 utitur,
389 3761 550 3824 indicant.
583 3760 813 3834 Germanicus,
845 3760 889 3822 ab
920 3759 976 3822 illa
1007 3760 1040 3821 in
1072 3758 1273 3823 Chattorum
1305 3768 1428 3822 terram

228 3881 455 3962 expeditione
479 3888 589 3943 castra
612 3899 672 3943 sua
696 3888 854 3961 repetens
877 3880 917 3960 (c.
945 3879 986 3959 56
1013 3880 1134 3957 ,vertit
1156 3879 1200 3942 ad
1225 3879 1428 3962 Rhenum”),

226 4000 348 4065 medio
379 4000 499 4062 itinere
530 4020 565 4062 se
596 4000 765 4063 convertit
798 4000 837 4080 (c.
864 4013 904 4081 57
940 3998 1162 4077 ,Germanico
1194 4000 1340 4080 pretium
1365 3999 1427 4062 suit

226 4127 437 4183 convertere
468 4118 626 4202 agmen”)
658 4127 695 4181 ut
726 4118 903 4201 Segestem
926 4117 1058 4192 liberet,
1084 4118 1140 4199 qui
1165 4139 1184 4180 a
1209 4118 1429 4200 popularibus

223 4237 510 4312 circumsedetur,
532 4239 622 4320 apud
644 4258 729 4320 quos
746 4237 920 4300 Arminius
933 4237 1045 4318 potior
1058 4236 1115 4298 illo
1128 4244 1210 4311 erat,
1224 4245 1258 4298 et
1275 4245 1430 4318 ,ereptus

223 4358 310 4441 (est)
336 4355 494 4438 Segestes
518 4377 641 4439 magna
662 4377 739 4419 cum
760 4357 1027 4438 propinquorum
1048 4363 1081 4416 et
1102 4354 1274 4418 clientium
1294 4354 1427 4418 manu''.
