3292 5280
800 357 861 438 138

233 533 332 608 enim,
366 534 392 595 si
426 533 500 597 illos
532 536 631 597 nimis
661 536 846 618 suspiciant
876 535 1034 618 aequales
1057 536 1117 610 sui,
1142 535 1331 618 periculum
1356 556 1427 598 esse

233 674 275 715 ne
307 655 379 736 ipse
412 674 488 716 cum
520 675 638 718 socero
670 676 742 731 suo,
774 656 900 739 quique
933 665 1109 738 praeterea
1134 655 1257 718 fuerint
1283 656 1426 718 modesti

232 774 400 855 cautique,
433 774 535 856 vulgo
567 783 830 838 contemnantur
862 776 1169 857 despicianturque.
1200 774 1291 837 Hinc
1316 773 1373 837 illa
1395 777 1425 838 in

232 893 318 955 illius
352 901 465 956 sectae
498 894 653 958 homines
686 896 892 959 mordacitas
923 895 1139 958 admirationi
1171 895 1297 958 iuncta.
1329 894 1424 977 Quod

230 1012 453 1094 philosophos
484 1034 526 1075 ex
557 1015 640 1077 urbe
672 1014 805 1098 expulit
836 1015 1052 1078 Domitianus
1076 1023 1252 1096 tamquam
1277 1015 1424 1097 gravissi·

232 1153 323 1195 mum
359 1134 495 1215 tyranni
527 1134 561 1196 in
593 1142 702 1196 totam
735 1134 982 1196 humanitatem
1014 1134 1216 1215 proponitur
1249 1142 1421 1216 peccatum

230 1252 326 1334 (Agr.
349 1253 391 1334 2),
413 1261 447 1315 et
468 1261 582 1316 tamen
603 1255 742 1316 eosdem
762 1253 837 1316 illos
858 1274 926 1316 non
948 1254 1058 1316 minus
1078 1254 1187 1316 bonos
1203 1252 1418 1335 philosophos

229 1380 263 1434 et
295 1371 532 1453 prudentiores
563 1372 718 1435 homines
750 1372 878 1435 futuros
911 1372 1021 1447 fuisse,
1046 1373 1072 1434 si
1096 1372 1195 1435 silere
1224 1372 1417 1454 potuissent,

231 1491 286 1555 ubi
311 1499 403 1554 certa
428 1493 562 1554 adesset
586 1492 690 1556 libere
715 1492 933 1574 loquentibus
957 1492 1133 1575 pernicies,
1155 1492 1347 1555 identidem
1368 1492 1415 1554 de-

230 1620 418 1674 monstrare
442 1620 584 1675 conatur
685 1611 815 1687 frustra,
841 1621 879 1675 ut
902 1631 966 1694 ego
990 1631 1125 1675 censeo.
1147 1611 1238 1674 Hinc
1260 1610 1298 1673 fit
1320 1619 1355 1672 ut
1374 1631 1414 1673 re·

232 1752 311 1795 vera
326 1733 427 1814 genio
444 1733 618 1814 indulgere
635 1733 791 1795 videatur
804 1753 881 1796 curn
894 1753 1010 1795 eorum
1024 1753 1127 1795 unum
1140 1731 1289 1794 ludibrio
1302 1731 1415 1794 habere

231 1852 336 1932 possit
370 1851 562 1914 Musonium
596 1850 731 1927 Rufum,
759 1854 802 1914 de
831 1873 899 1934 quo
923 1853 957 1914 in
982 1852 1141 1915 Historiis
1165 1851 1261 1914 locus
1284 1862 1345 1926 est,
1368 1848 1413 1932 qui

230 1971 358 2034 facetus
382 1972 488 2034 videri
514 1980 639 2054 posset,
660 1972 722 2034 nisi
743 1980 876 2034 tanturn
898 1974 1022 2034 inesset
1042 1971 1240 2034 acerbitatis
1261 1971 1334 2052 (III,
1354 1971 1413 2049 81):

278 2091 480 2170 „Miscuerat
503 2112 539 2153 se
563 2090 705 2173 legatis”
726 2092 824 2174 (quos
845 2092 916 2174 ipse
936 2100 1073 2155 senatus
1093 2091 1136 2153 ad
1158 2090 1304 2153 Antonii
1325 2088 1412 2154 Primi

229 2210 353 2273 milites
388 2211 524 2274 miserat
556 2210 773 2275 concordiam
806 2231 995 2294 pacemque
1025 2215 1193 2291 suasuros)
1230 2208 1412 2289 „Musonius

229 2332 345 2406 Rufus
389 2333 554 2414 equestris
596 2333 734 2407 ordinis,
770 2333 919 2395 studium
956 2330 1192 2427 philosophiae
1228 2340 1264 2392 et
1299 2329 1410 2412 placita

227 2451 419 2514 Stoicorum
439 2452 637 2527 aemulatus,
658 2452 911 2534 coeptabatque
928 2451 1116 2533 permixtus
1134 2448 1318 2532 manipulis
1333 2449 1409 2509 bona

228 2571 320 2652 pacis
344 2591 383 2633 ac
404 2570 482 2633 belli
504 2571 697 2634 discrimina
718 2572 885 2634 disserens
904 2578 1053 2632 armatos
1074 2588 1224 2632 monere.
1246 2568 1285 2631 Id
1308 2567 1408 2651 pleris-

228 2713 294 2773 que
326 2691 482 2766 ludibrio,
511 2691 662 2774 pluribus
687 2691 818 2766 taedio;
844 2709 907 2752 nec
933 2690 1084 2763 deerant,
1107 2688 1166 2770 qui
1191 2686 1408 2769 propellerent

228 2812 542 2894 proculcarentque,
576 2812 609 2874 ni
636 2811 814 2874 admonitu
839 2809 1078 2872 modestissimi
1103 2809 1266 2890 cuiusque
1292 2817 1327 2871 et
1349 2807 1408 2870 aliis

226 2932 461 2995 minitantibus
485 2932 653 2994 omisisset
677 2931 953 3012 intempestivam
976 2927 1213 3011 sapientiam.'’

273 3052 360 3114 Nam
398 3052 572 3114 Musonius
609 3051 725 3126 Rufus,
761 3050 840 3114 licet
876 3050 1080 3114 dirissimum
1116 3048 1199 3111 illud
1233 3046 1407 3112 Domitiani

225 3181 360 3254 tempus
393 3172 533 3233 fortasse
558 3192 625 3233 non
650 3170 782 3245 viderit,
808 3189 956 3252 ergoque
979 3168 1100 3232 Tacito
1125 3167 1310 3250 Agricolae
1335 3167 1407 3231 aliis

225 3311 291 3371 que
316 3291 479 3353 modestis
499 3292 672 3372 cautisque
694 3289 887 3352 hominibus
907 3297 1079 3352 certamen
1101 3308 1177 3351 cum
1199 3288 1258 3351 illo
1279 3287 1407 3358 nonsit,

225 3419 340 3474 tamen
360 3412 532 3474 communi
553 3412 586 3473 in
604 3409 738 3475 Stoicos
754 3411 881 3473 invidia
897 3409 1207 3493 comprehenditur.
1222 3409 1314 3493 Quid
1328 3407 1406 3493 quod

227 3552 268 3594 ne
300 3533 342 3596 de
374 3532 525 3595 Thrasea
553 3533 692 3613 quidem
720 3538 754 3591 et
782 3528 912 3593 Seneca
936 3528 1076 3611 aliisque
1102 3528 1249 3592 Neronis
1273 3527 1407 3593 victimis

225 3651 318 3734 loqui
350 3661 465 3734 potest
496 3651 642 3725 Tacitus,
676 3650 758 3732 quin
783 3669 899 3712 eorum
924 3648 1080 3710 laudibus
1103 3648 1291 3712 admisceat
1314 3644 1406 3711 amari

224 3771 362 3851 aliquid.
396 3772 519 3833 Nonne
544 3771 586 3832 de
612 3768 799 3831 Domitiani
824 3767 1036 3849 temporibus
1060 3768 1190 3850 cogitat
1213 3787 1291 3830 cum
1315 3766 1408 3829 Thra·

223 3911 315 3952 seam
352 3892 434 3953 dicit
474 3890 554 3970 ,sibi
591 3910 726 3952 causam
762 3887 901 3970 periculi
937 3887 1065 3962 fecisse,
1101 3889 1224 3950 ceteris
1253 3884 1408 3950 libertatis

224 4011 356 4073 initium
389 4031 457 4073 non
483 4008 699 4092 praebuisse'‘
725 4009 781 4090 (A.
807 4007 903 4081 XIV,
932 4004 1003 4088 12)?
1028 4006 1074 4069 Et
1097 4015 1214 4069 tamen
1239 4008 1321 4088 quid
1344 4013 1407 4067 tum

224 4132 348 4193 fecerat
373 4128 543 4193 Thrasea?
570 4130 681 4191 Locus
705 4138 756 4191 est
780 4128 881 4211 paulo
907 4127 1090 4202 obscurior,
1115 4125 1259 4190 fortasse
1283 4144 1407 4206 corrup·

223 4259 286 4324 tus,
308 4251 371 4313 hoc
394 4258 508 4312 tamen
531 4250 641 4312 elucet
661 4248 833 4310 obstitisse
854 4247 1039 4310 Thraseam
1060 4246 1275 4308 senatoribus
1291 4241 1407 4309 Neroni

222 4370 486 4431 abiectissimum
511 4370 544 4430 in
571 4369 710 4430 niodum
734 4366 960 4429 adulantibus.
