3292 5280
779 356 843 435 248

214 541 382 622 elegendo
417 559 479 601 non
514 544 725 619 spectaretur
760 535 851 610 illud,
888 543 1021 599 essetne
1054 534 1174 617 aliquis
1204 555 1224 598 e
1256 533 1408 598 Caesaris

214 659 360 742 posteris
384 678 426 720 an
453 677 520 720 non
545 664 643 718 esset.
669 655 827 737 Ineptum
852 676 933 738 ergo
953 654 1000 717 illi
1020 653 1122 736 vulgo
1141 654 1291 717 tribuere
1311 675 1408 738 argu·

193 844 196 849 ,
206 785 378 861 mentum,
401 776 493 858 quod
516 775 549 838 in
571 775 636 838 isto
660 776 770 857 ,quod
791 788 867 839 tunc
885 773 1117 856 spectaretur”
1130 774 1227 836 inest.
1253 771 1322 837 Sed
1336 774 1407 856 ipse

214 897 363 971 Tacitus,
395 897 449 958 cui
480 895 515 957 et
543 915 640 957 suum
673 903 809 977 tempus
836 895 872 957 et
895 894 1114 977 praeteritum
1139 894 1276 975 cognita
1300 902 1407 969 erant,

214 1016 296 1078 illud
328 1035 464 1078 suorum
497 1013 687 1096 aequalium
719 1033 820 1076 causa
842 1014 977 1077 adiecit.
1009 1013 1209 1095 Legendum
1233 1033 1316 1095 ergo
1339 1033 1406 1076 non

214 1146 429 1217 spectaretur,
455 1154 571 1196 verum
594 1132 813 1215 spectabatur.

260 1375 303 1437 A.
335 1374 429 1449 XIII,
461 1388 508 1454 15.
548 1371 699 1436 Territus
732 1373 848 1435 matris
878 1372 990 1435 verbis
1021 1372 1252 1436 Britannicum
1291 1393 1326 1436 se
1363 1374 1405 1435 ad

215 1494 393 1576 imperium
426 1500 622 1555 vocaturam
655 1492 852 1565 minitantis,
885 1491 978 1554 Nero
1009 1499 1045 1555 et
1073 1491 1138 1554 alia
1160 1493 1276 1554 animo
1300 1492 1407 1556 volvit

215 1620 249 1674 et
274 1621 446 1675 recentem
471 1612 642 1693 quandam
664 1631 745 1686 rem,
767 1631 872 1692 equa
893 1611 1064 1692 ingenium
1086 1612 1157 1673 eius
1175 1619 1406 1693 perspexerat.

215 1731 311 1814 Quae
335 1732 523 1794 cuiusmodi
548 1731 647 1794 fuerit
671 1733 718 1794 sic
742 1751 877 1794 narrare
901 1730 1040 1815 Tacitus
1063 1731 1198 1814 incipit:

264 1852 394 1931 ,Festis
413 1850 560 1916 Saturno
580 1851 700 1914 diebus
720 1852 808 1914 inter
827 1850 893 1914 alia
911 1851 1103 1933 aequalium
1124 1850 1252 1914 ludicra
1266 1871 1407 1933 regnum

215 1970 287 2033 lusu
312 1972 524 2034 sortientium
549 1980 710 2034 evenerat
734 1992 774 2034 ea
796 1991 868 2034 sors
893 1969 1055 2034 Neroni.‘'

260 2089 462 2155 Scabrosam
488 2092 575 2154 hanc
599 2092 787 2154 orationem
812 2091 983 2175 appellare
1009 2091 1236 2167 nondubito;
1258 2092 1408 2154 sednon

216 2208 325 2272 Taciti
346 2210 446 2293 culpa
465 2210 568 2273 talem
588 2231 664 2274 eam
685 2212 831 2274 evasisse
851 2212 964 2286 cred0,
980 2211 1098 2306 ¹nescio
1116 2231 1184 2292 qua
1202 2210 1407 2274 attractione

110 2380 113 2396 .
216 2329 432 2410 participium
471 2329 553 2391 illud
585 2331 628 2392 ad
660 2331 868 2413 praecedens
899 2330 1086 2412 aequalium
1118 2328 1311 2404 referentis,
1348 2330 1408 2393 sed

215 2447 351 2522 librarii,
384 2469 485 2530 quem
517 2450 687 2530 genitivus
718 2449 773 2513 ille
806 2451 839 2512 in
864 2470 1011 2512 errorem
1035 2450 1217 2513 induxerit.
1241 2448 1410 2512 Ablativo

215 2568 388 2648 temporis,
413 2568 470 2650 qui
499 2569 713 2648 „absolutus”
737 2570 869 2644 dicitur,
895 2589 980 2652 opus
1004 2569 1059 2633 hic
1078 2577 1140 2643 est,
1162 2589 1229 2631 non
1251 2589 1339 2651 opus
1359 2576 1411 2631 est

215 2695 329 2749 autem
354 2689 472 2751 addito
497 2688 611 2770 aliquo
635 2689 771 2752 nomine
795 2690 1019 2764 substantiv0,
1043 2690 1103 2752 sed
1127 2689 1250 2752 sufficit
1274 2689 1410 2770 partici-

216 2806 320 2888 pium.
352 2807 553 2887 Legendum
582 2829 663 2890 ergo
686 2809 905 2884 sortientibus,
930 2809 1022 2891 quod
1046 2828 1149 2891 quam
1174 2807 1271 2871 facile
1295 2808 1351 2872 hic
1376 2808 1409 2871 in

214 2927 421 2989 sortientium
445 2929 615 3010 corrumpi
641 2929 789 3009 potuerit
812 2937 935 3010 sponte
959 2937 1112 3011 apparet.

259 3164 303 3226 A.
326 3164 421 3240 XIII,
448 3161 495 3247 1'7.
518 3165 602 3229 Cum
625 3168 657 3229 in
679 3188 802 3250 campo
816 3167 940 3231 Martio
953 3168 1165 3232 Britannicus
1177 3167 1409 3250 sepeliebatur

214 3293 284 3347 tam
310 3285 530 3348 vehementes
554 3288 750 3350 ceciderunt
773 3288 914 3352 imbres:

263 3403 331 3483 ,Ut
362 3403 480 3485 vulgus
512 3406 593 3468 iram
620 3408 760 3469 deorum
785 3407 944 3489 portendi
968 3408 1150 3472 crediderit
1172 3409 1335 3473 adversus
1360 3409 1407 3474 ia·

214 3523 308 3585 cinus
331 3523 385 3585 cui
410 3522 562 3606 plerique
586 3526 690 3587 etiam
715 3527 890 3589 hominum
914 3526 1170 3615 ignoscebpnt.”

148 3711 153 3719 ἡ
258 3639 369 3722 Quam
402 3642 547 3705 absurde
578 3644 666 3706 istud
697 3646 796 3709 etiam
820 3647 968 3727 positum
993 3646 1047 3709 hic
1069 3649 1112 3711 sit
1137 3647 1190 3710 vel
1214 3649 1363 3732 maxime
1388 3671 1407 3712 e

215 3761 413 3844 Nipperdei,
446 3763 503 3842 qui
529 3761 691 3838 defendit,
716 3773 858 3846 apparet
881 3767 1113 3830 annotatione.
1146 3768 1217 3831 lam
1242 3770 1336 3850 quod
1360 3770 1410 3832 ait

208 3881 360 3963 plerique
390 3879 444 3942 hic
476 3900 544 3942 non
578 3901 650 3943 esse
682 3882 702 3943 i.
723 3902 755 3964 q.
785 3882 810 3944 ol
835 3890 978 3947 πλεῖστοι
1003 3886 1063 3948 sed
1086 3887 1264 3950 admodum
1288 3889 1409 3953 multos

213 4021 253 4062 ea
278 4020 362 4062 voce
386 3999 577 4079 significari,
599 4022 714 4063 verum
735 4010 795 4064 est.
821 4002 889 4066 Sed
909 4025 996 4086 quae
1017 4007 1114 4069 addit
1134 4027 1236 4088 quam
1259 4009 1407 4071 maxime

213 4128 370 4181 contorta
394 4117 561 4180 videntur.
590 4120 858 4201 ,Ignoscebant”
879 4125 927 4186 ait
950 4124 1023 4204 ,isti
1044 4124 1161 4188 sceleri
1182 4126 1277 4189 multi
1299 4127 1407 4190 homi·

213 4257 283 4312 neS,
317 4257 393 4300 cum
418 4248 532 4301 tamen
557 4240 711 4302 homines
735 4241 778 4303 de
801 4242 874 4304 aliis
898 4242 1092 4309 hominibus
1114 4264 1232 4308 severe
1255 4246 1405 4310 iudicare

212 4355 340 4433 solent;
372 4376 440 4438 quo
473 4359 579 4439 magis
603 4369 869 4424 consentaneum
894 4371 954 4438 est,
980 4363 1073 4439 deos,
1098 4364 1220 4446 quibus
1245 4364 1329 4428 nihil
1351 4374 1404 4428 est
