3210 5274
637 386 679 451 97

107 552 152 615 A.
174 550 270 624 XVI,
295 567 344 629 14.
364 548 535 611 Antistius
556 547 635 610 exul
654 546 820 609 Anteium
838 554 872 608 et
888 545 1062 610 Ostorium
1079 545 1260 630 Scapulam

56 672 191 735 indicat
216 679 392 751 tamquam
416 689 469 731 res
492 688 599 731 novas
620 666 756 731 molitos
776 668 809 729 in
830 687 938 749 eaque
958 688 993 729 re
1012 667 1260 731 Chaldaeorum

58 812 140 855 usos
166 800 255 855 arte:

111 911 185 993 ,Ac
209 911 348 992 vulgato
372 910 444 972 eius
468 909 593 972 indicio
613 909 701 972 inter
721 909 902 971 damnatos
923 909 1030 990 magis
1051 930 1153 991 quam
1174 909 1262 972 inter

57 1053 138 1097 reos
168 1030 316 1094 Anteius
348 1028 572 1111 Ostoriusque
596 1028 820 1103 habebantur,
844 1029 931 1091 adeo
957 1037 994 1091 ut
1018 1036 1261 1091 testamentum

57 1154 169 1219 Antei
194 1172 296 1215 nemo
320 1152 526 1232 obsignaret‚
553 1150 614 1212 nisi
639 1149 825 1230 Tigellinus
845 1159 964 1211 auctor
984 1150 1171 1213 exstitisset
1192 1170 1262 1212 mo·

57 1276 136 1338 nito
160 1274 251 1356 prius
276 1271 405 1334 Anteio
430 1291 471 1333 ne
496 1290 671 1353 supremas
695 1270 829 1332 tabulas
854 1269 1076 1333 moraretur.”

106 1392 236 1457 Monito
254 1401 348 1455 certa
366 1401 418 1454 est
436 1390 620 1472 Agricolae
632 1391 829 1452 emendatio
842 1410 904 1471 pro
917 1391 1068 1454 nronr‘tus.
1082 1390 1263 1472 Quaeritur

58 1534 145 1596 ergo
179 1533 248 1595 quo
281 1512 384 1575 modo
416 1510 510 1574 illum
543 1519 672 1572 metum
701 1509 806 1573 Antei
831 1509 1052 1573 familiaribus
1075 1509 1263 1592 Tigellinus

57 1633 241 1697 ademerit.
255 1632 457 1713 Respondet
471 1630 716 1712 Nipperdeius:
734 1629 1063 1709 ,monendoAnteio
1074 1650 1116 1692 ne
1125 1651 1150 1692 s.
1161 1639 1185 1691 t.
1196 1629 1263 1692 m.”

59 1752 113 1817 At
132 1754 279 1835 primum
298 1751 568 1833 quotusquisque
586 1770 703 1812 eorum
723 1751 756 1812 id
774 1751 950 1812 auditurus
967 1748 1060 1812 erati
1079 1750 1155 1813 Hoc
1172 1751 1263 1813 enim

58 1873 252 1946 consilium,
286 1880 322 1933 ut
353 1872 486 1953 opinor,
519 1870 610 1932 solus
641 1870 703 1933 soli
732 1869 919 1951 Tigellinus
947 1871 1053 1932 dedit.
1084 1869 1151 1935 Sed
1181 1870 1262 1952 quid

58 1991 191 2059 multa?
217 1993 341 2056 Nonne
365 1992 429 2073 ipsi
453 1992 601 2053 sermoni
628 1991 753 2054 Latino
777 2000 896 2073 aperte
921 1991 989 2053 vim
1015 1991 1154 2053 facimus
1174 2011 1263 2065 cum,

59 2115 217 2197 legentes
242 2115 284 2177 de
308 2132 350 2175 eo
376 2112 432 2194 qui
458 2112 638 2193 obsignare
660 2110 854 2173 nolentibus
873 2123 990 2175 auctor
1009 2113 1145 2183 exstitit,
1167 2112 1265 2193 quid·

59 2254 168 2317 quam
192 2232 283 2295 aliud
308 2251 387 2293 eum
409 2230 526 2293 secisse
547 2230 746 2293 coniicimus
766 2251 868 2311 quam
883 2232 1036 2314 primum
1054 2230 1264 2313 obsignasse?

60 2352 188 2418 Cetera
215 2373 304 2415 nunc
328 2359 451 2433 sponte
476 2359 674 2431 sequuntur,
698 2359 732 2413 et
757 2351 862 2412 totius
885 2349 950 2413 loci
977 2350 1030 2413 hic
1054 2370 1170 2413 sensus
1195 2359 1264 2413 est:

65 2473 267 2553 „obsignare
291 2472 359 2533 iarn
385 2469 490 2533 Antei
515 2478 760 2532 testamentum
784 2470 933 2532 audebat
958 2490 1068 2543 nem0‚
1090 2490 1172 2552 ergo
1192 2471 1264 2552 ipse

62 2592 253 2675 Tigellinus
272 2591 419 2672 primum
440 2590 559 2652 mortis
580 2589 818 2652 necessitatem
839 2589 962 2651 misero
979 2589 1107 2652 homini
1126 2590 1263 2665 indixit;

64 2713 122 2794 qui
145 2733 223 2775 cum
243 2711 306 2774 hac
327 2731 363 2773 re
383 2711 500 2773 audita
517 2717 761 2773 testamentum
777 2710 922 2784 lecisset,
940 2709 1127 2791 Tigellinus
1143 2712 1265 2775 ceteris

65 2833 269 2914 obsignandi
290 2831 419 2894 exemit
438 2829 632 2911 scrupulum
650 2830 732 2891 dum
750 2829 878 2910 primus
890 2829 1042 2892 omnium
1056 2829 1136 2892 lacit
1148 2829 1264 2891 illud.''

68 2953 166 3017 Nunc
191 2954 341 3028 demum,
365 2952 400 3015 id
424 2952 516 3033 quod
542 2958 634 3014 recte
659 2950 842 3012 Furneaux
866 2951 1036 3026 observat,
1051 2952 1154 3034 prius
1172 2961 1265 3014 recte

68 3072 120 3137 hic
147 3073 297 3156 ponitur.

110 3192 156 3255 H.
182 3191 209 3266 l,
240 3209 287 3274 17.
316 3191 401 3273 (Iam
426 3191 583 3253 Pisonem
608 3190 788 3273 adoptavit
812 3189 932 3264 Galba,
956 3198 991 3253 et
1015 3200 1093 3272 post
1117 3192 1265 3273 aliquam

68 3311 351 3377 deliberationem
372 3311 548 3373 decretum
566 3317 617 3372 est
637 3310 725 3372 utin
744 3311 862 3372 castris
881 3312 1058 3392 praetoriis
1071 3332 1111 3374 ea
1123 3313 1266 3394 adoptio

67 3432 348 3513 nuncuparetur):

116 3551 421 3633 „Circumsteterat
437 3550 573 3612 interim
587 3549 752 3612 Palatium
766 3550 902 3631 publica
915 3550 1138 3631 exspectatio,
1153 3551 1265 3631 magui

59 3672 191 3737 secreti
218 3666 436 3751 impatiens.'’

103 3792 145 3857 Si
184 3790 262 3872 quis
297 3789 431 3871 quaerit
465 3790 557 3871 quod
592 3790 636 3850 sit
667 3809 825 3871 magnum
857 3788 939 3850 illud
969 3801 1140 3864 secretum,
1173 3793 1266 3872 quod

53 3900 227 3977 homines
256 3917 437 3989 tantopere
468 3927 673 3989 cognoscere
705 3908 861 3989 gestiant,
894 3909 926 3970 in
957 3918 1117 3991 promptu
1143 3919 1193 3973 est
1219 3933 1267 3973 re·

51 4031 258 4114 spondere:
291 4030 383 4111 ‚ipsa
407 4028 549 4109 adoptio
574 4028 625 4089 his
650 4028 823 4091 vocabulis
847 4028 1066 4109 significatur,
1091 4030 1268 4112 plebecula

53 4154 158 4229 enim
193 4168 262 4211 non
293 4146 449 4210 adsuerat
480 4147 626 4209 comitiis
657 4146 888 4230 illisimperii,
913 4168 1052 4228 quaec.
1083 4168 1121 4228 14
1145 4152 1269 4212 descri-

56 4259 206 4342 buntur,
234 4288 316 4349 ergo
343 4286 433 4330 nunc
456 4269 578 4330 ardent
601 4268 714 4331 studio
739 4268 899 4330 audiendi
924 4289 1025 4349 quern
1050 4270 1114 4331 sibi
1139 4290 1268 4331 succes·

60 4402 179 4455 sorem
202 4387 313 4452 Galba
333 4386 506 4469 elegerit.”
528 4387 577 4451 At
596 4389 669 4470 ipse
689 4389 827 4451 Tacitus
843 4388 908 4450 hoc
926 4410 1124 4471 responsum
1147 4390 1269 4454 refutat

1111 4523 1124 4572 7
