3210 5274
773 390 832 438 201

204 574 282 617 nem
325 554 546 617 kalendarum
583 555 812 617 Ianuariarum
850 550 1056 639 [inchoando
1091 546 1194 635 anno]
1232 546 1402 610 retinuit.”

247 674 335 737 Illud
360 683 474 737 tamen
500 675 613 737 denuo
637 674 671 737 In
696 684 829 738 textum
855 674 990 736 reduxit
1016 663 1401 751 Furneaux;'equidem

203 795 318 876 potius
341 794 561 858 kalendarum
586 795 832 858 Ianuariarum
857 814 994 876 quoque
1019 792 1213 855 deleverim.

248 914 338 989 Non,
373 924 408 977 ut
440 915 572 997 opinor,
604 924 674 977 tam
703 915 879 997 imperitos
904 914 1145 996 antiquitatum
1170 910 1314 973 lectores
1338 909 1402 971 sibi

204 1034 303 1097 finxit
326 1035 466 1099 Tacitus
488 1045 526 1099 ut
551 1036 646 1111 XIII,
670 1055 733 1117 43:

251 1154 481 1237 ,RepertIque
505 1165 719 1218 accusatores
744 1156 896 1237 direptos
919 1156 1039 1233 socioS,
1064 1174 1141 1216 cum
1166 1151 1301 1216 Suillius
1326 1172 1401 1234 pro·

203 1275 350 1336 vlnciam
376 1274 494 1338 Asiam
519 1284 662 1358 regeret,
686 1295 726 1338 ac
751 1275 944 1358 peculatum
969 1271 1185 1336 detulerunt''

248 1394 292 1456 ad
312 1394 501 1476 peculatum
526 1395 734 1458 adscriberet
763 1394 937 1476 ,publicae
963 1391 1160 1476 pecuniae”‚
1184 1412 1273 1475 quae
1298 1390 1401 1453 verba

205 1534 294 1577 nunc
319 1516 352 1576 in
377 1525 475 1579 textu
499 1515 665 1598 leguntur.

251 1633 305 1696 Ex
326 1635 449 1697 eodem
469 1655 594 1717 genere
614 1636 872 1698 annotationem
894 1635 1084 1698 invenimus
1102 1633 1197 1707 Xlll,
1214 1648 1264 1712 51.
1278 1632 1403 1713 Agitur

204 1753 246 1815 de
284 1753 429 1816 Neronis
464 1754 622 1828 consiliis,
659 1755 781 1835 quibus
816 1755 908 1816 cives
944 1754 1207 1836 peregrlnosque
1243 1752 1402 1814 oneribus

204 1871 347 1935 levavit:

252 1991 478 2074 ,Temperata
497 1994 588 2075 apud
609 1994 850 2057 transmarinas
870 1993 1062 2076 provincias
1082 1992 1240 2055 frumenti
1261 1992 1402 2054 subvec-

203 2111 270 2186 tio;
303 2121 337 2173 et
363 2133 404 2174 ne
430 2113 586 2175 censibus
611 2114 861 2195 negotiatorum
886 2134 990 2177 naves
1013 2112 1261 2176 ascriberentur
1286 2107 1401 2196 [tribu-

203 2239 346 2311 tumque
372 2253 433 2314 pro
458 2233 521 2295 illis
547 2231 749 2319 penderent]
774 2233 1031 2297 constitutum.”

253 2350 369 2414 Verba
389 2353 518 2416 inclusa
540 2373 607 2416 non
630 2354 738 2416 solum
759 2354 859 2436 plane
879 2362 957 2416 sunt
977 2373 1196 2436 supervacua,
1218 2353 1403 2415 admodum

205 2473 296 2534 enim
321 2473 499 2555 perspicua
522 2483 600 2536 sunt
625 2495 711 2557 quae
736 2475 868 2556 scripsit
893 2474 1042 2548 Tacitus,
1068 2493 1177 2555 neque
1198 2472 1401 2554 exquisitam

203 2592 412 2655 locutionem
458 2594 632 2657 vocabulis
674 2594 882 2676 pervulgatis
917 2602 1155 2675 corrumpunt,
1199 2593 1258 2655 sed
1295 2600 1403 2655 totam

201 2713 396 2775 sententiae
420 2723 623 2777 structuram
649 2716 880 2797 pessumdant.

251 2831 295 2895 A.
321 2833 417 2908 XIV,
443 2834 474 2896 8.
499 2832 600 2896 Salva
620 2835 686 2896 iam
707 2835 751 2897 ad
773 2834 885 2897 villam
907 2817 1001 2897 suam
1023 2834 1216 2916 Agrippina
1237 2833 1402 2915 pervenit,

202 2953 263 3014 sed
288 2952 388 3015 simul
412 2954 537 3015 adsunt
562 2952 729 3016 Anicetus
754 2953 955 3036 militesque,
981 2954 1038 3035 qui
1063 2953 1120 3016 ubi
1145 2953 1177 3015 vi
1201 2954 1402 3034 irruperunt,

205 3070 399 3154 Agrippina

254 3192 410 3272 „respicit
442 3190 627 3254 Anicetum
651 3192 852 3255 Trierarcho
878 3191 1059 3288 Herculeio
1084 3201 1117 3256 et
1143 3191 1296 3267 Obarito,
1322 3213 1400 3255 cen·

206 3312 340 3373 turione
370 3311 550 3386 classiario,
583 3313 800 3375 comitatum:
833 3312 882 3386 ac,
915 3314 942 3375 si
974 3315 1016 3375 ad
1043 3313 1219 3376 visendum
1246 3314 1404 3387 venisset,

208 3429 350 3493 resotam
384 3432 564 3506 nuntiaret,
596 3432 647 3494 sin
680 3431 808 3495 lacinus
841 3441 1043 3515 patraturus,
1077 3432 1158 3495 nihil
1190 3453 1225 3495 se
1258 3433 1301 3495 de
1333 3432 1403 3495 filio

207 3549 379 3612 credere.’'

252 3668 425 3732 Praeclare
450 3669 504 3732 hic
529 3672 643 3734 omnia
662 3680 740 3733 sunt
761 3671 936 3734 enuntiata
956 3681 1075 3753 estque
1096 3692 1206 3734 sermo
1227 3681 1261 3734 et
1282 3672 1403 3735 Tacito

208 3788 421 3868 dignissimus
452 3798 486 3851 et
519 3790 657 3853 muliere
690 3791 864 3873 primaria:
898 3812 965 3854 non
997 3791 1069 3853 vult
1101 3793 1208 3854 diram
1240 3813 1311 3855 rem
1342 3812 1403 3855 suo

209 3907 379 3989 appellare
411 3909 558 3984 nomine,
591 3931 672 3991 ergo
704 3913 895 3973 verecunde
927 3932 1000 3973 eam
1034 3912 1145 3974 verbis
1174 3914 1275 3993 ,nihil
1300 3936 1335 3977 se
1361 3915 1403 3977 de

210 4025 276 4088 filio
309 4026 470 4089 credere''
501 4028 679 4110 significat.
716 4029 765 4091 At
798 4030 928 4092 inutilia
962 4030 1082 4093 Tacito
1107 4032 1141 4094 e't
1167 4034 1343 4096 consilium
1369 4035 1403 4096 et

212 4163 261 4208 ars
289 4166 349 4208 sua
381 4145 531 4222 suerunt3
565 4128 728 4211 translata
752 4151 842 4212 enim
869 4151 901 4211 in
928 4159 1061 4212 textum
1086 4155 1309 4217 annotatione
1335 4176 1404 4218 ma·

213 4265 344 4345 gistelli,
376 4267 545 4330 rusticana
576 4289 664 4331 nunc
696 4269 914 4351 simplicitate
946 4269 1037 4331 dicta
1069 4281 1147 4333 sunt
1179 4275 1303 4336 omnia.
1336 4274 1403 4339 Sed

214 4403 270 4447 nos
294 4386 383 4448 istud
409 4406 471 4448 non
495 4387 694 4468 imperatum
712 4388 951 4469 parricidium,
972 4392 1064 4471 quod
1084 4410 1172 4453 nunc
1194 4392 1398 4474 elegantiam
