3210 5274
641 392 706 465 235·

75 563 146 624 iure
168 561 380 624 Prammerus
400 561 556 623 restituit.
584 561 705 624 Nullae
724 569 802 625 sunt
823 562 983 625 certiores
1002 564 1269 636 emendationes,

74 701 179 762 quam
202 680 326 762 quibus
348 688 512 762 appareat
536 681 749 763 corruptelae
774 682 857 744 duas
881 681 941 744 has
962 682 1062 744 fuisse
1083 702 1215 745 causas:
1238 682 1272 744 et

75 801 252 864 oculorum
278 801 312 862 et
337 801 461 863 mentis
484 821 644 864 errorem.

121 1040 165 1102 A.
190 1040 270 1116 XV,
300 1057 347 1104 10.
381 1039 500 1103 Stultis
527 1040 676 1105 consiliis
702 1041 824 1103 Paetus
848 1040 917 1102 vim
941 1041 1125 1124 copiarum,
1149 1039 1272 1121 quibus

75 1170 220 1244 praeest,
246 1161 335 1224 ultro
359 1160 520 1243 infringit,
542 1182 715 1244 nunquam
735 1161 800 1224 sibi
821 1170 965 1236 constat,
987 1161 1110 1224 milites
1130 1161 1272 1242 dissipat

75 1290 110 1343 et
136 1282 182 1343 ita
207 1280 297 1343 bello
322 1281 457 1343 inutiles
480 1282 603 1344 reddit.
629 1280 684 1345 Sic
709 1280 873 1344 etlilium
898 1301 1108 1363 uxoremque
1132 1279 1271 1343 castello

75 1400 226 1481 quodam
250 1399 365 1462 abdit:

123 1520 223 1600 „data
247 1520 280 1581 in
306 1520 512 1601 praesidium
536 1520 678 1582 cohorte
697 1538 737 1581 ac
758 1519 912 1601 disperso
933 1518 1050 1593 milite,
1072 1519 1129 1600 qui
1149 1519 1183 1580 in
1204 1538 1271 1580 uno

73 1638 151 1701 loco
175 1637 312 1700 habitus
336 1658 459 1719 vagum
484 1636 619 1700 hostem
645 1638 835 1720 promptius
859 1636 1151 1700 sustentavisset.”

119 1757 239 1821 Codex
263 1758 297 1819 in
322 1757 389 1820 fine
412 1759 602 1821 sententiae
628 1758 725 1820 addit
749 1758 853 1820 etiam
875 1756 1074 1840 particulam
1095 1768 1135 1820 et.
1160 1755 1271 1837 Quam

74 1876 259 1940 lectionem
283 1877 330 1938 sic
355 1886 470 1939 natam
490 1877 653 1939 arbitror:
676 1877 709 1939 in
731 1876 890 1958 exemplo
910 1876 1105 1958 legebatur:
1125 1887 1272 1940 sustenta

161 2008 193 2060 et
211 1996 442 2078 suprascripto
461 1996 600 2058 lacunae
621 1996 861 2078 supplemento
881 1996 990 2070 visset,
1011 1996 1103 2076 quod
1117 1995 1271 2058 librarius

76 2118 124 2180 ita
156 2118 190 2179 in
224 2125 357 2180 textum
389 2118 519 2199 recepit
551 2125 588 2179 ut
618 2117 708 2179 istud
732 2128 763 2180 et
787 2117 958 2178 retineret.
986 2115 1036 2179 ct.
1062 2115 1107 2179 H.
1133 2117 1194 2191 lll,
1220 2132 1273 2190 20,

76 2237 133 2299 ubi
167 2237 201 2299 in
233 2237 351 2299 codice
383 2237 592 2318 ineptissime
617 2236 755 2318 legitur:
786 2243 821 2298 et
848 2235 983 2314 „vineis
1009 2235 1272 2298 machinamenti

75 2377 182 2438 genus
214 2356 257 2418 ad
292 2358 540 2439 expugnandos
570 2375 683 2418 muros
707 2356 740 2417 in
766 2355 905 2417 modum
928 2354 1070 2417 turrium
1095 2353 1222 2417 iactum
1246 2355 1273 2417 is

76 2475 306 2558 aggredienda
338 2473 450 2537 urbs.”
483 2475 639 2558 Recepto
671 2474 761 2536 enim
793 2474 826 2536 in
859 2482 991 2536 textum
1024 2482 1102 2556 post
1125 2473 1274 2555 syllabas

74 2596 149 2658 vine
170 2595 485 2675 interpretamento
507 2596 600 2675 quod
621 2593 655 2655 in
675 2592 835 2674 exemplo
855 2594 942 2654 inter
963 2592 1068 2655 lineas
1087 2592 1273 2675 legebatur,

74 2713 229 2776 librarius
260 2723 380 2795 postea
405 2733 535 2788 vocem,
560 2732 580 2774 a
604 2719 795 2774 correctore
821 2711 980 2787 monitus,
1004 2712 1186 2795 supplevit,
1212 2713 1273 2775 sed

75 2826 198 2916 vagam
230 2833 397 2915 syllabam
429 2835 459 2896 is
490 2833 604 2896 delere
637 2832 797 2914 neglexit.
831 2832 957 2894 Nostro
988 2853 1069 2895 vero
1093 2832 1168 2896 loco
1192 2833 1273 2895 olim

75 2954 238 3034 scriptum
258 2952 358 3015 fuisse
378 2952 531 3034 suspicor
545 2971 612 3013 non
621 2951 878 3025 sustentavisset,
891 2950 984 3032 quod
998 2951 1075 3013 huic
1090 2953 1273 3014 narrationi

76 3093 196 3155 parurn
217 3079 347 3153 aptum,
373 3091 490 3133 verum
514 3082 702 3135 sustentare
719 3071 889 3152 potuisset.

15 3199 21 3206 “
121 3192 226 3255 Paulo
250 3201 351 3255 antea
375 3193 408 3254 in
433 3193 557 3254 eodem
581 3191 693 3273 capite
717 3189 801 3252 haec
826 3189 1006 3253 habemus:

123 3312 343 3392 „Adventare
366 3312 583 3392 Vologaesen
605 3330 730 3391 magno
751 3318 785 3372 et
807 3308 938 3372 infenso
958 3311 1094 3393 agmine
1106 3312 1272 3374 auditum.

76 3430 218 3494 Accitur
254 3431 344 3512 legio
379 3431 594 3505 duodecima,
631 3438 666 3492 et
701 3430 790 3491 unde
827 3427 951 3491 famam
982 3430 1072 3491 aucti
1104 3431 1275 3493 exercitus

75 3558 282 3632 speraverat,
304 3550 440 3632 prodita
461 3547 698 3630 infrequentia.
724 3546 800 3628 Qua
821 3556 935 3610 tamen
957 3549 1093 3611 retineri
1114 3558 1224 3612 castra
1236 3558 1274 3612 et

76 3668 166 3731 eludi
199 3669 343 3731 Parthus
375 3677 485 3730 tractu
517 3667 596 3730 belli
630 3675 776 3750 poterat,
801 3668 828 3729 si
854 3666 959 3730 Paeto
983 3677 1041 3730 aut
1066 3669 1099 3730 in
1123 3669 1191 3732 suis
1215 3678 1274 3733 aut

77 3788 110 3851 in
134 3789 252 3851 alienis
277 3787 425 3851 consiliis
449 3787 641 3850 constantia
666 3785 817 3849 luisset.”

123 3909 218 3982 Mire,
241 3928 282 3971 ne
303 3908 448 3971 absurde
470 3909 591 3983 dicam,
606 3907 679 3988 ipsa
691 3906 918 3988 infrequentia
931 3905 1021 3968 utilis
1033 3926 1106 3968 esse
1119 3908 1270 3988 potuisse

76 4029 199 4091 dicitur
223 4029 265 4090 ad
288 4028 513 4090 resistendum
534 4027 698 4090 hostibus.
721 4023 809 4086 Nam
830 4025 1010 4104 quominus
1031 4026 1112 4089 mihi
1133 4047 1273 4110 respon·

76 4149 196 4211 deatur
226 4145 283 4208 illa
314 4166 399 4209 voce
430 4147 577 4212 cohortes
608 4145 834 4230 infrequentes
865 4143 1033 4225 designari
1066 4166 1165 4227 posse
1197 4148 1271 4229 ipsa

73 4265 244 4328 sententia
268 4265 397 4327 obstat:
424 4267 457 4328 in
483 4267 638 4348 „prodita
659 4261 907 4343 infrequentia”
928 4265 1179 4327 substantivum
1200 4287 1271 4328 con·

73 4385 228 4449 ditionem
241 4384 416 4466 copiarum
429 4386 606 4466 significat,
621 4403 731 4464 neque
746 4402 828 4463 ergo
841 4382 941 4444 adiici
955 4392 1068 4465 potest
1082 4405 1272 4467 pronomen
