3210 5274
767 392 830 459 272

199 554 253 615 isti
277 554 384 636 ipsam
410 554 462 617 vel
487 564 682 637 opponatur
707 555 759 617 vel
785 555 897 636 aliqua
918 557 1051 618 ratione
1071 575 1150 618 cum
1168 574 1209 617 eo
1229 555 1367 617 vocabulo

199 673 390 736 cohaereat.
424 673 533 738 Unice
566 695 683 737 verum
716 675 867 737 videtur:
900 695 1060 757 magnam
1088 676 1163 758 ipsa
1180 677 1297 757 sama:
1318 673 1369 736 sola

198 792 266 854 iam
290 813 401 855 rerum
426 802 597 875 gestarum
622 793 729 875 gloria
753 813 895 875 magnus
919 802 953 856 et
979 792 1104 855 nobilis
1129 793 1185 856 ille
1209 801 1279 856 erat
1300 812 1370 855 exer·

200 913 296 975 citus.
321 912 371 976 Cl.
391 915 483 995 quod
505 914 660 995 proxime
682 913 874 996 praecedit:
900 921 1147 995 ,senatumque
1168 922 1203 976 et
1224 913 1371 996 populum,

201 1052 373 1112 nunquam
399 1032 542 1094 obscura
567 1032 738 1095 nomina.”
763 1031 937 1114 Quantum
958 1031 1090 1095 roboris
1111 1033 1146 1095 in
1167 1033 1242 1115 ipso
1262 1033 1372 1094 nomine

199 1171 238 1214 ac
263 1151 353 1214 fama
377 1152 501 1214 inesset
526 1151 633 1234 probe
659 1160 801 1215 noverat
825 1151 952 1234 peritus
976 1151 1169 1214 animorum
1193 1152 1272 1214 dux.

247 1390 291 1452 H.
317 1391 361 1464 Il,
388 1404 439 1473 59.
465 1391 662 1453 Honoribus
682 1390 815 1453 afficere
834 1390 1023 1465 Vitellium,
1044 1391 1102 1472 qui
1123 1391 1230 1453 modo
1249 1388 1373 1460 advenit,

201 1510 236 1572 et
260 1509 384 1572 milites
410 1509 556 1573 Romani
581 1510 616 1572 et
640 1510 829 1593 municipes
852 1510 1101 1592 Lugdunenses
1123 1518 1268 1573 certant.
1290 1509 1353 1571 Ille:

250 1649 350 1708 „mox
381 1629 574 1692 universum
606 1631 794 1692 exercitum
826 1650 1002 1693 occurrere
1034 1629 1156 1692 infanti
1188 1629 1257 1693 filio
1286 1628 1375 1699 iubet;

203 1748 438 1830 perlatumque
472 1759 505 1812 et
538 1749 782 1831 paludamento
807 1758 964 1831 opertum
988 1750 1062 1812 sinu
1089 1751 1240 1812 retinens
1263 1747 1378 1812 Germa·

203 1867 315 1929 nicum
339 1867 558 1951 appellavit.”

247 1988 438 2053 Perlatum:
459 1987 546 2070 quo?
569 1989 631 2052 Per
650 1988 844 2070 singulosne
865 1989 1033 2051 exercitus
1054 1986 1266 2069 manipulos?
1286 1983 1381 2072 Facile

202 2107 355 2189 intelligo
387 2117 522 2190 gestato
546 2109 741 2189 iactatoque
765 2107 885 2170 infanti
910 2108 1024 2189 quiete
1048 2128 1135 2190 opus
1160 2107 1273 2182 luisse,
1295 2106 1384 2169 liben-

203 2236 324 2308 terque
355 2228 389 2289 in
421 2229 496 2290 sinu
528 2248 606 2289 eum
637 2227 743 2309 patris
775 2227 1032 2290 obdormivisse.
1066 2226 1116 2290 At
1148 2236 1231 2290 tunc
1263 2228 1387 2289 demum

203 2365 281 2407 eum
314 2345 472 2407 Vitellius
503 2345 747 2427 paludamento
779 2346 900 2408 induit.
934 2347 1012 2409 Non
1044 2345 1117 2421 luit,
1148 2356 1187 2409 ut
1211 2348 1342 2429 opinor,
1362 2346 1390 2406 lu

203 2465 361 2528 omnibus
380 2464 480 2526 rebus
500 2473 570 2526 tam
592 2473 831 2546 praeposterus
852 2473 886 2527 et
907 2485 1094 2548 perversus.
1121 2465 1166 2528 Et
1188 2487 1231 2529 ne
1249 2469 1294 2529 de
1313 2485 1394 2529 novo

202 2584 283 2647 satis
315 2586 381 2645 iam
415 2584 490 2646 lessi
516 2584 653 2646 infantis
678 2584 796 2666 loquar
821 2585 1052 2661 incommod0,
1076 2588 1232 2650 nudusne
1257 2589 1399 2652 militum

204 2702 359 2764 manibus
391 2702 539 2784 perlatus
571 2701 643 2765 est?
676 2702 749 2765 Aut
780 2725 904 2785 susque
929 2707 1041 2787 deque
1066 2707 1120 2770 hic
1145 2708 1262 2770 omnia
1284 2707 1401 2771 habuit

202 2821 341 2883 Tacitus
372 2831 430 2884 aut
461 2843 524 2904 pro
542 2822 713 2905 perlatum
738 2824 920 2905 legendum
945 2834 996 2887 est
1013 2825 1206 2909 prolatum:
1234 2847 1361 2910 nempe
1385 2848 1402 2890 e

203 2943 362 3016 tentorio,
388 2942 444 3004 ubi
468 2942 632 3005 hactenus
656 2945 746 3025 apud
773 2945 938 3007 nutricem
963 2944 1113 3027 aliquam
1135 2945 1297 3010 latitavit.

251 3182 293 3244 H.
319 3182 362 3256 Il,
387 3183 440 3246 60.
468 3182 631 3246 Narratur
655 3185 829 3265 quomodo
855 3185 920 3245 iam
946 3185 1055 3247 victor
1076 3186 1234 3249 Vitellius
1255 3186 1410 3252 Othonis

204 3303 359 3383 cognatis
382 3304 499 3366 amicis
523 3304 735 3366 adiutoribus
758 3325 837 3366 usus
860 3305 912 3366 sit.
938 3306 989 3367 Ibi
1014 3315 1048 3368 et
1073 3307 1156 3370 haec
1180 3307 1363 3389 leguntur:

254 3423 382 3501 ,Mario
414 3423 512 3487 Celso
537 3422 732 3486 consulatus
757 3433 909 3486 servatur
918 3451 925 3498 ;
951 3425 1010 3486 sed
1036 3427 1202 3488 creditum
1227 3425 1320 3490 lama
1347 3430 1412 3493 ob·

204 3544 398 3625 iectumque
431 3563 510 3604 mox
543 3542 576 3604 in
608 3551 727 3604 senatu
760 3542 908 3605 Caecilio
933 3541 1095 3626 Simplici,
1121 3546 1214 3626 quod
1238 3565 1317 3608 eum
1347 3549 1409 3612 ho·

205 3683 321 3725 norem
346 3662 489 3743 pecunia
515 3660 666 3734 mercari,
692 3679 753 3722 nec
777 3660 849 3722 sine
873 3661 978 3723 exitio
1003 3661 1090 3724 Celsi
1115 3662 1312 3725 voluisset.”

249 3781 321 3844 Aut
350 3780 472 3844 Latine
496 3789 624 3842 temere
648 3779 815 3841 vocabula
840 3782 1007 3843 coniicere
1031 3781 1120 3856 licet,
1145 3790 1204 3844 aut
1228 3783 1323 3844 nihili
1350 3796 1407 3849 est

204 3903 365 3964 creditum
379 3903 493 3983 santa.
515 3897 606 3980 Quid
627 3899 670 3960 sit
691 3896 873 3979 legendum
895 3916 962 3960 non
984 3900 1120 3974 definio,
1141 3903 1201 3964 sed
1219 3902 1252 3964 in
1266 3903 1406 3984 syllaba

204 4042 259 4084 cre
282 4041 354 4083 esse
374 4018 496 4100 opinor
516 4015 570 4079 vel
591 4016 762 4089 adiectivi,
782 4017 874 4096 quod
896 4025 947 4078 est
966 4017 1089 4093 creber,
1110 4020 1164 4082 vel
1186 4021 1291 4095 verbi,
1305 4026 1404 4103 quod

206 4140 284 4202 hinc
316 4140 481 4221 originem
513 4137 617 4209 ducit,
648 4133 795 4215 aliquam
822 4134 974 4196 lormam.
1000 4135 1134 4219 Ecquid
1159 4142 1277 4204 crebra
1295 4144 1405 4224 sama

206 4260 330 4321 omisso
344 4260 421 4340 fnit
441 4257 493 4319 vel
514 4268 598 4330 erat,
620 4253 742 4336 quibus
764 4254 876 4315 verbis
897 4255 951 4318 hic
972 4276 1057 4338 opus
1070 4279 1143 4322 esse
1157 4281 1225 4324 non
1240 4263 1404 4325 videtur?

206 4376 255 4440 Cf.
282 4376 325 4438 H.
352 4376 411 4449 IV,
443 4392 478 4438 12
508 4375 797 4456 „crebrescentem
821 4373 926 4436 cladis
950 4375 1173 4441 Germanicae
1197 4379 1357 4445 samam.”
