3210 5274
784 385 821 453 35

201 550 308 632 ipsius
343 549 390 612 rei
427 549 604 623 rationem,
637 549 681 611 de
711 569 779 630 qua
809 550 930 630 agitur,
963 570 1030 612 non
1061 550 1149 612 bene
1180 561 1397 632 perspectum

202 668 405 731 habuerunt.
429 667 573 749 Legitur
597 667 689 731 Ann.
715 668 776 742 IV,
804 669 863 730 28:

247 786 361 851 Isdem
386 786 581 848 consulibus
602 788 809 849 miseriarum
831 807 871 849 ac
891 788 1052 849 saevitiae
1073 788 1267 870 exemplum
1289 796 1397 864 atrox,

202 926 280 969 reus
310 914 418 988 pater,
449 914 626 967 accusator
657 905 744 968 filius
775 906 912 986 (nornen
937 907 1070 987 utrique
1095 906 1217 969 Vibius
1242 905 1398 987 Serenus)

202 1025 236 1088 in
268 1033 424 1088 senatum
457 1025 586 1088 inducti
618 1033 706 1088 sunt.
739 1024 797 1088 Ab
830 1024 932 1087 exilio
965 1033 1129 1087 retractus
1153 1024 1335 1107 illuvieque
1359 1045 1399 1088 ac

200 1145 359 1233 squalore
386 1145 518 1207 obsitus
540 1153 575 1207 et
599 1153 672 1207 tum
697 1152 819 1206 catena
842 1144 974 1206 vinctus
997 1152 1093 1225 pater
1116 1144 1288 1226 peroranti
1313 1142 1398 1205 filio:

203 1272 425 1346 praeparatus
448 1263 648 1325 adulescens
669 1262 782 1325 multis
802 1262 986 1338 munditiis,
1008 1260 1108 1324 alacri
1129 1261 1234 1338 vultu,
1254 1269 1399 1325 structas

202 1381 348 1464 principi
383 1381 531 1455 insidias,
569 1381 688 1443 missos
717 1381 752 1442 in
784 1378 928 1443 Galliam
961 1379 1151 1443 concitores
1182 1379 1261 1442 belli
1295 1380 1398 1442 index

202 1500 295 1562 idem
327 1508 362 1562 et
393 1501 491 1563 testis
522 1499 668 1573 dicebat,
702 1498 976 1579 adnectebatque
1004 1497 1187 1561 Caecilium
1211 1498 1398 1561 Cornutum

201 1619 411 1701 praetorium
444 1619 685 1681 ministravisse
717 1617 914 1698 pecuniam:
946 1617 1003 1697 qui
1036 1616 1151 1679 taedio
1174 1636 1340 1691 curarum,
1366 1624 1400 1679 et

200 1738 283 1819 quia
303 1736 490 1819 periculum
512 1756 574 1818 pro
594 1737 700 1799 exitio
720 1735 920 1809 habebatur,
942 1744 1087 1797 mortem
1108 1736 1143 1797 in
1163 1755 1199 1797 se
1217 1735 1399 1797 festinavit.

201 1856 254 1920 At
275 1864 393 1918 contra
413 1876 489 1918 reus
510 1854 592 1918 nihil
614 1855 757 1917 infracto
777 1854 891 1916 animo
912 1854 1074 1916 obversus
1094 1855 1127 1916 in
1141 1853 1246 1915 filium
1260 1862 1401 1935 quatere

202 1974 404 2037 vincla....
441 1973 750 2055 Adseverabatque
785 1974 1003 2036 innocentem
1034 1973 1222 2036 Cornutum
1253 1981 1287 2034 et
1318 1971 1401 2035 salsa

202 2095 422 2169 exterritum,
455 2093 558 2175 idque
591 2092 688 2155 facile
720 2092 905 2168 intellectu,
934 2093 961 2154 si
986 2094 1210 2174 proderentur
1233 2091 1306 2154 alii:
1333 2110 1400 2154 non

202 2214 296 2276 enirn
327 2234 363 2276 se
395 2213 538 2275 caedem
563 2213 725 2294 principis
749 2220 784 2274 et
808 2233 861 2274 res
885 2232 990 2275 novas
1014 2232 1082 2275 uno
1106 2212 1199 2274 socio
1223 2213 1400 2293 cogitasse.

253 2330 316 2393 Pro
346 2343 449 2414 pater
477 2331 658 2412 peroranti
685 2329 778 2413 filio:
804 2341 1037 2413 praeparatus
1067 2330 1255 2393 adulescens
1274 2352 1299 2392 e.
1320 2349 1351 2410 q.
1373 2349 1400 2390 s.

207 2450 403 2532 Madvigius
434 2448 586 2511 coniecit*
605 2460 707 2530 pater
730 2450 845 2512 oranti
858 2450 935 2532 filio
957 2462 1191 2532 comparatur:
1212 2449 1401 2512 adulescens

202 2592 230 2633 e.
244 2589 274 2650 q.
287 2590 313 2631 s.
339 2568 624 2649 Ingeniosissime,
649 2568 708 2629 sed
734 2567 816 2629 nihil
840 2568 887 2630 sic
911 2569 1119 2649 proficimus;
1146 2589 1214 2631 non
1239 2571 1340 2643 enim,
1365 2577 1402 2630 ut

203 2687 339 2769 opinor,
371 2686 594 2748 vehementer
623 2683 808 2766 legentium
834 2686 937 2748 animi
962 2685 1190 2768 percelluntur
1213 2707 1290 2750 cum
1315 2688 1403 2750 inter

203 2827 242 2869 se
273 2813 494 2888 opponuntur
526 2812 624 2885 pater
654 2803 811 2885 squalore
843 2804 973 2867 obsitus
1000 2813 1035 2868 et
1059 2805 1145 2868 filius
1166 2853 1173 2868 .
1196 2854 1203 2867 .
1226 2853 1233 2868 .
1256 2854 1263 2869 .
1289 2827 1401 2869 orans.

205 2925 330 3005 Neque
350 2931 423 2985 tum
443 2922 582 2985 demum
602 2921 828 2984 introducitur
850 2942 936 2998 reus,
957 2943 1034 2986 cum
1054 2932 1230 2987 accusator
1249 2924 1316 2987 iam
1330 2944 1402 2986 ora·

204 3045 337 3106 tionem
357 3041 484 3105 habere
503 3040 630 3121 coepit.
653 3039 763 3102 Multo
783 3048 898 3103 tamen
917 3041 1081 3124 Madvigii
1094 3043 1270 3105 inventum
1284 3041 1403 3105 melius

204 3171 258 3225 est
291 3180 395 3243 quam
418 3167 610 3223 ceterorum
634 3159 724 3221 istud
743 3171 982 3242 praeparatus,
1009 3162 1101 3242 quod
1126 3162 1334 3243 iungendum
1359 3161 1402 3222 sit

204 3299 286 3342 curn
317 3278 490 3341 munditiis
520 3277 568 3340 ita
602 3285 726 3339 ut....
758 3285 877 3358 aptum
908 3297 1043 3340 sensum
1076 3278 1204 3342 nullum
1229 3279 1401 3361 praebeat.

207 3397 306 3460 Haec
330 3416 411 3478 ergo
432 3396 617 3470 mittamus,
637 3395 799 3476 quoniam
820 3395 868 3458 sic
887 3415 1025 3477 quoque
1045 3398 1200 3460 universa
1221 3397 1402 3459 verborum

205 3514 379 3578 sententia
409 3521 515 3595 patet.
549 3511 653 3575 Paulo
684 3521 763 3594 post
794 3532 857 3595 pro
882 3514 982 3596 salsa
1013 3515 1125 3595 legere
1146 3515 1243 3597 falso
1266 3513 1320 3576 vel
1337 3525 1403 3596 per

199 3632 304 3716 falsa
336 3630 437 3713 plane
468 3639 521 3692 est
552 3630 670 3692 inutile
702 3639 736 3693 et
768 3631 910 3695 tortasse
937 3652 1143 3714 perversum.
1168 3631 1217 3694 At
1242 3652 1329 3714 quae
1354 3652 1404 3694 se-

207 3757 360 3832 quuntur
390 3749 552 3811 maiorem
582 3750 749 3830 praebent
779 3749 1024 3813 difficultatem.
1049 3748 1125 3812 Hoc
1149 3758 1278 3812 certum
1304 3749 1404 3813 Nevii

208 3869 245 3932 ni
258 3867 486 3950 proderentur
506 3885 568 3946 pro
587 3867 619 3929 si
630 3867 859 3949 proderentur
878 3859 1062 3949 speciosius
1081 3887 1269 3949 essequam
1282 3869 1403 3943 verius,

208 4005 322 4067 neque
343 3983 441 4047 facile
461 4002 538 4046 cum
559 3985 843 4065 praecedentibus
863 3985 955 4066 iungi
977 4005 1090 4066 posses
1112 3987 1194 4068 quid
1215 3988 1304 4049 enim
1322 3986 1404 4049 illud

208 4112 275 4167 est:
294 4102 405 4186 facile
426 4101 485 4164 hoc
507 4103 625 4165 estad
644 4103 891 4186 intellegendum
915 4104 952 4165 ni
966 4104 1161 4185 produntur
1180 4105 1262 4168 altit
1284 4105 1404 4187 Neque

207 4228 327 4285 tamen
346 4221 380 4283 si
397 4238 573 4282 remanere
593 4228 717 4302 potest,
738 4221 801 4283 nisi
822 4219 978 4282 volumus
991 4218 1156 4284 Serenum
1169 4243 1236 4285 non
1250 4223 1405 4301 εἰρωνικῶς

206 4339 269 4401 sed
291 4335 532 4414 elrrypurdiue
553 4334 657 4418 loqui.
678 4337 768 4419 Quid
789 4337 917 4400 verosi
939 4346 1049 4400 toturn
1070 4340 1150 4404 illud
1171 4343 1203 4404 si
1221 4362 1287 4404 una
1306 4342 1407 4406 litura
