<?xml version="1.0" encoding="UTF-8"?>
<!DOCTYPE html PUBLIC "-//W3C//DTD XHTML 1.0 Transitional//EN"
    "http://www.w3.org/TR/xhtml1/DTD/xhtml1-transitional.dtd">
<html xmlns="http://www.w3.org/1999/xhtml" xml:lang="en" lang="en">
 <head>
  <title>
</title>
<meta http-equiv="Content-Type" content="text/html;charset=utf-8" />
  <meta name='ocr-system' content='tesseract 3.04.00' />
  <meta name='ocr-capabilities' content='ocr_page ocr_carea ocr_par ocr_line ocrx_word'/>
</head>
<body>
  <div class='ocr_page' id='page_1' title='image "./analectatacitea00hartgoog_0126.png"; bbox 0 0 3292 5280; ppageno 0'>
   <div class='ocr_carea' id='block_1_1' title="bbox 793 415 850 481">
    <p class='ocr_par' dir='ltr' id='par_1_1' title="bbox 793 415 850 481">
     <span class='ocr_line' id='line_1_1' title="bbox 793 415 850 481; baseline 0.018 -19"><span class='ocrx_word' id='word_1_1' title='bbox 793 415 850 481; x_wconf 83' lang='lat'>115</span> 
     </span>
    </p>
   </div>
   <div class='ocr_carea' id='block_1_2' title="bbox 221 578 1429 3890">
    <p class='ocr_par' dir='ltr' id='par_1_2' title="bbox 221 578 1429 3890">
     <span class='ocr_line' id='line_1_2' title="bbox 223 578 1416 662; baseline 0.004 -21"><span class='ocrx_word' id='word_1_2' title='bbox 223 579 374 653; x_wconf 89' lang='lat' dir='ltr'>consilia,</span> <span class='ocrx_word' id='word_1_3' title='bbox 418 578 549 642; x_wconf 89' lang='lat' dir='ltr'>illorum</span> <span class='ocrx_word' id='word_1_4' title='bbox 594 579 744 643; x_wconf 90' lang='lat' dir='ltr'>habebat</span> <span class='ocrx_word' id='word_1_5' title='bbox 781 580 901 655; x_wconf 92' lang='lat' dir='ltr'>socios,</span> <span class='ocrx_word' id='word_1_6' title='bbox 937 589 1113 662; x_wconf 89' lang='lat' dir='ltr'>suspectus</span> <span class='ocrx_word' id='word_1_7' title='bbox 1149 590 1221 644; x_wconf 91' lang='lat' dir='ltr'>erat</span> <span class='ocrx_word' id='word_1_8' title='bbox 1257 582 1416 646; x_wconf 90' lang='lat' dir='ltr'>Neroni”.</span> 
     </span>
     <span class='ocr_line' id='line_1_3' title="bbox 223 698 1416 780; baseline 0.003 -19"><span class='ocrx_word' id='word_1_9' title='bbox 223 698 401 761; x_wconf 84' lang='lat' dir='ltr'>Tamenne</span> <span class='ocrx_word' id='word_1_10' title='bbox 433 719 494 780; x_wconf 91' lang='lat' dir='ltr'>per</span> <span class='ocrx_word' id='word_1_11' title='bbox 517 707 585 762; x_wconf 90' lang='lat' dir='ltr'>tres</span> <span class='ocrx_word' id='word_1_12' title='bbox 609 698 678 761; x_wconf 87' lang='lat' dir='ltr'>fere</span> <span class='ocrx_word' id='word_1_13' title='bbox 701 719 809 762; x_wconf 89' lang='lat' dir='ltr'>annos</span> <span class='ocrx_word' id='word_1_14' title='bbox 834 719 901 762; x_wconf 92' lang='lat' dir='ltr'>non</span> <span class='ocrx_word' id='word_1_15' title='bbox 925 699 1035 761; x_wconf 94' lang='lat' dir='ltr'>solum</span> <span class='ocrx_word' id='word_1_16' title='bbox 1059 700 1236 763; x_wconf 91' lang='lat' dir='ltr'>incolumis</span> <span class='ocrx_word' id='word_1_17' title='bbox 1260 701 1331 778; x_wconf 87' lang='lat' dir='ltr'>suit,</span> <span class='ocrx_word' id='word_1_18' title='bbox 1357 704 1416 764; x_wconf 93' lang='lat' dir='ltr'>sed</span> 
     </span>
     <span class='ocr_line' id='line_1_4' title="bbox 224 816 1419 902; baseline 0.002 -21"><span class='ocrx_word' id='word_1_19' title='bbox 224 819 328 881; x_wconf 89' lang='lat' dir='ltr'>etiam</span> <span class='ocrx_word' id='word_1_20' title='bbox 359 816 465 880; x_wconf 90' lang='lat' dir='ltr'>libere</span> <span class='ocrx_word' id='word_1_21' title='bbox 496 818 642 900; x_wconf 90' lang='lat' dir='ltr'>quodvis</span> <span class='ocrx_word' id='word_1_22' title='bbox 672 819 754 880; x_wconf 91' lang='lat' dir='ltr'>inire</span> <span class='ocrx_word' id='word_1_23' title='bbox 778 818 955 881; x_wconf 92' lang='lat' dir='ltr'>consilium</span> <span class='ocrx_word' id='word_1_24' title='bbox 980 827 1115 901; x_wconf 89' lang='lat' dir='ltr'>poterat</span> <span class='ocrx_word' id='word_1_25' title='bbox 1138 840 1158 883; x_wconf 90' lang='lat' dir='ltr'>a</span> <span class='ocrx_word' id='word_1_26' title='bbox 1182 820 1274 883; x_wconf 93' lang='lat' dir='ltr'>nullo</span> <span class='ocrx_word' id='word_1_27' title='bbox 1298 823 1419 902; x_wconf 85' lang='lat' dir='ltr'>magis·</span> 
     </span>
     <span class='ocr_line' id='line_1_5' title="bbox 221 936 1418 1022; baseline 0.003 -22"><span class='ocrx_word' id='word_1_28' title='bbox 221 945 324 1012; x_wconf 88' lang='lat' dir='ltr'>tratu,</span> <span class='ocrx_word' id='word_1_29' title='bbox 356 958 376 1001; x_wconf 90' lang='lat' dir='ltr'>a</span> <span class='ocrx_word' id='word_1_30' title='bbox 407 936 497 1000; x_wconf 92' lang='lat' dir='ltr'>nullo</span> <span class='ocrx_word' id='word_1_31' title='bbox 528 957 546 999; x_wconf 93' lang='lat' dir='ltr'>e</span> <span class='ocrx_word' id='word_1_32' title='bbox 578 938 724 1001; x_wconf 90' lang='lat' dir='ltr'>Neronis</span> <span class='ocrx_word' id='word_1_33' title='bbox 755 938 894 1001; x_wconf 86' lang='lat' dir='ltr'>canibus</span> <span class='ocrx_word' id='word_1_34' title='bbox 925 937 1133 1001; x_wconf 83' lang='lat' dir='ltr'>custoditus?</span> <span class='ocrx_word' id='word_1_35' title='bbox 1170 940 1258 1003; x_wconf 92' lang='lat' dir='ltr'>Nam</span> <span class='ocrx_word' id='word_1_36' title='bbox 1295 961 1418 1022; x_wconf 86' lang='lat' dir='ltr'>magna</span> 
     </span>
     <span class='ocr_line' id='line_1_6' title="bbox 223 1055 1418 1141; baseline 0.003 -23"><span class='ocrx_word' id='word_1_37' title='bbox 223 1055 282 1119; x_wconf 90' lang='lat' dir='ltr'>illa</span> <span class='ocrx_word' id='word_1_38' title='bbox 305 1057 385 1119; x_wconf 90' lang='lat' dir='ltr'>anni</span> <span class='ocrx_word' id='word_1_39' title='bbox 408 1056 449 1137; x_wconf 83' lang='lat'>65</span> <span class='ocrx_word' id='word_1_40' title='bbox 476 1057 664 1120; x_wconf 89' lang='lat' dir='ltr'>coniuratio</span> <span class='ocrx_word' id='word_1_41' title='bbox 689 1056 845 1122; x_wconf 89' lang='lat' dir='ltr'>Sc&#39;aevini</span> <span class='ocrx_word' id='word_1_42' title='bbox 865 1060 1003 1121; x_wconf 92' lang='lat' dir='ltr'>demum</span> <span class='ocrx_word' id='word_1_43' title='bbox 1024 1059 1175 1121; x_wconf 89' lang='lat' dir='ltr'>vanitate</span> <span class='ocrx_word' id='word_1_44' title='bbox 1196 1060 1331 1141; x_wconf 90' lang='lat' dir='ltr'>prodita</span> <span class='ocrx_word' id='word_1_45' title='bbox 1352 1068 1418 1136; x_wconf 91' lang='lat' dir='ltr'>est;</span> 
     </span>
     <span class='ocr_line' id='line_1_7' title="bbox 224 1174 1421 1260; baseline 0.003 -22"><span class='ocrx_word' id='word_1_46' title='bbox 224 1184 327 1238; x_wconf 90' lang='lat' dir='ltr'>antea</span> <span class='ocrx_word' id='word_1_47' title='bbox 362 1174 524 1255; x_wconf 79' lang='lat' dir='ltr'>„mirum”</span> <span class='ocrx_word' id='word_1_48' title='bbox 557 1177 672 1259; x_wconf 85' lang='lat' dir='ltr'>(ipsius</span> <span class='ocrx_word' id='word_1_49' title='bbox 699 1178 782 1240; x_wconf 90' lang='lat' dir='ltr'>haec</span> <span class='ocrx_word' id='word_1_50' title='bbox 807 1178 917 1240; x_wconf 85' lang='lat' dir='ltr'>Taciti</span> <span class='ocrx_word' id='word_1_51' title='bbox 943 1178 1047 1240; x_wconf 87' lang='lat' dir='ltr'>verba</span> <span class='ocrx_word' id='word_1_52' title='bbox 1069 1179 1158 1260; x_wconf 88' lang='lat' dir='ltr'>sunt)</span> <span class='ocrx_word' id='word_1_53' title='bbox 1187 1199 1308 1260; x_wconf 79' lang='lat' dir='ltr'>„quam</span> <span class='ocrx_word' id='word_1_54' title='bbox 1334 1181 1421 1243; x_wconf 89' lang='lat' dir='ltr'>inter</span> 
     </span>
     <span class='ocr_line' id='line_1_8' title="bbox 225 1294 1419 1379; baseline 0.003 -22"><span class='ocrx_word' id='word_1_55' title='bbox 225 1294 351 1357; x_wconf 89' lang='lat' dir='ltr'>diversi</span> <span class='ocrx_word' id='word_1_56' title='bbox 373 1296 517 1376; x_wconf 68' lang='lat' dir='ltr'>generis</span> <span class='ocrx_word' id='word_1_57' title='bbox 538 1296 675 1371; x_wconf 85' lang='lat' dir='ltr'>ordinis,</span> <span class='ocrx_word' id='word_1_58' title='bbox 695 1297 827 1371; x_wconf 88' lang='lat' dir='ltr'>aetatis,</span> <span class='ocrx_word' id='word_1_59' title='bbox 847 1316 958 1372; x_wconf 86' lang='lat' dir='ltr'>sexus,</span> <span class='ocrx_word' id='word_1_60' title='bbox 980 1297 1077 1371; x_wconf 87' lang='lat' dir='ltr'>dites,</span> <span class='ocrx_word' id='word_1_61' title='bbox 1098 1317 1264 1379; x_wconf 89' lang='lat' dir='ltr'>pauperes</span> <span class='ocrx_word' id='word_1_62' title='bbox 1283 1301 1419 1362; x_wconf 89' lang='lat' dir='ltr'>tacitur-</span> 
     </span>
     <span class='ocr_line' id='line_1_9' title="bbox 226 1416 1420 1499; baseline 0.001 -21"><span class='ocrx_word' id='word_1_63' title='bbox 226 1416 334 1478; x_wconf 79' lang='lat' dir='ltr'>nitate</span> <span class='ocrx_word' id='word_1_64' title='bbox 366 1416 481 1478; x_wconf 89' lang='lat' dir='ltr'>omnia</span> <span class='ocrx_word' id='word_1_65' title='bbox 510 1416 660 1478; x_wconf 88' lang='lat' dir='ltr'>cohibita</span> <span class='ocrx_word' id='word_1_66' title='bbox 684 1416 783 1479; x_wconf 91' lang='lat' dir='ltr'>sint”.</span> <span class='ocrx_word' id='word_1_67' title='bbox 809 1417 862 1479; x_wconf 95' lang='lat' dir='ltr'>De</span> <span class='ocrx_word' id='word_1_68' title='bbox 887 1416 1008 1480; x_wconf 89' lang='lat' dir='ltr'>Pisone</span> <span class='ocrx_word' id='word_1_69' title='bbox 1033 1436 1134 1479; x_wconf 91' lang='lat' dir='ltr'>nemo</span> <span class='ocrx_word' id='word_1_70' title='bbox 1159 1418 1344 1499; x_wconf 89' lang='lat' dir='ltr'>quidquam</span> <span class='ocrx_word' id='word_1_71' title='bbox 1369 1426 1420 1480; x_wconf 93' lang='lat' dir='ltr'>est</span> 
     </span>
     <span class='ocr_line' id='line_1_10' title="bbox 225 1534 1419 1618; baseline 0.001 -20"><span class='ocrx_word' id='word_1_72' title='bbox 225 1535 417 1617; x_wconf 90' lang='lat' dir='ltr'>suspicatus</span> <span class='ocrx_word' id='word_1_73' title='bbox 448 1543 631 1616; x_wconf 81' lang='lat' dir='ltr'>antequam</span> <span class='ocrx_word' id='word_1_74' title='bbox 663 1534 830 1611; x_wconf 90' lang='lat' dir='ltr'>Milichus,</span> <span class='ocrx_word' id='word_1_75' title='bbox 861 1535 1017 1599; x_wconf 85' lang='lat' dir='ltr'>Scaevini</span> <span class='ocrx_word' id='word_1_76' title='bbox 1040 1536 1191 1612; x_wconf 87' lang='lat' dir='ltr'>libertus,</span> <span class='ocrx_word' id='word_1_77' title='bbox 1216 1557 1303 1618; x_wconf 88' lang='lat' dir='ltr'>quae</span> <span class='ocrx_word' id='word_1_78' title='bbox 1327 1538 1419 1599; x_wconf 93' lang='lat' dir='ltr'>domi</span> 
     </span>
     <span class='ocr_line' id='line_1_11' title="bbox 226 1654 1420 1739; baseline 0 -21"><span class='ocrx_word' id='word_1_79' title='bbox 226 1655 364 1739; x_wconf 89' lang='lat' dir='ltr'>patroni</span> <span class='ocrx_word' id='word_1_80' title='bbox 399 1655 539 1717; x_wconf 90' lang='lat' dir='ltr'>vidisset</span> <span class='ocrx_word' id='word_1_81' title='bbox 575 1656 687 1737; x_wconf 89' lang='lat' dir='ltr'>magni</span> <span class='ocrx_word' id='word_1_82' title='bbox 722 1654 861 1718; x_wconf 86' lang='lat' dir='ltr'>alicuius</span> <span class='ocrx_word' id='word_1_83' title='bbox 897 1655 1062 1730; x_wconf 80' lang='lat' dir='ltr'>facinoris,</span> <span class='ocrx_word' id='word_1_84' title='bbox 1099 1657 1191 1738; x_wconf 91' lang='lat' dir='ltr'>quod</span> <span class='ocrx_word' id='word_1_85' title='bbox 1228 1656 1420 1739; x_wconf 89' lang='lat' dir='ltr'>parabatur,</span> 
     </span>
     <span class='ocr_line' id='line_1_12' title="bbox 225 1774 1420 1859; baseline 0.001 -22"><span class='ocrx_word' id='word_1_86' title='bbox 225 1783 321 1837; x_wconf 90' lang='lat' dir='ltr'>certa</span> <span class='ocrx_word' id='word_1_87' title='bbox 345 1774 468 1838; x_wconf 90' lang='lat' dir='ltr'>indicia</span> <span class='ocrx_word' id='word_1_88' title='bbox 492 1775 697 1857; x_wconf 90' lang='lat' dir='ltr'>prodidisset</span> <span class='ocrx_word' id='word_1_89' title='bbox 722 1775 866 1852; x_wconf 90' lang='lat' dir='ltr'>Neroni;</span> <span class='ocrx_word' id='word_1_90' title='bbox 894 1776 998 1839; x_wconf 91' lang='lat' dir='ltr'>immo</span> <span class='ocrx_word' id='word_1_91' title='bbox 1022 1796 1103 1838; x_wconf 91' lang='lat' dir='ltr'>vero</span> <span class='ocrx_word' id='word_1_92' title='bbox 1128 1798 1169 1839; x_wconf 92' lang='lat' dir='ltr'>ne</span> <span class='ocrx_word' id='word_1_93' title='bbox 1191 1778 1261 1858; x_wconf 92' lang='lat' dir='ltr'>ipse</span> <span class='ocrx_word' id='word_1_94' title='bbox 1282 1777 1420 1859; x_wconf 92' lang='lat' dir='ltr'>quidem</span> 
     </span>
     <span class='ocr_line' id='line_1_13' title="bbox 226 1894 1420 1977; baseline 0 -18"><span class='ocrx_word' id='word_1_95' title='bbox 226 1895 387 1959; x_wconf 88' lang='lat' dir='ltr'>Milichus</span> <span class='ocrx_word' id='word_1_96' title='bbox 406 1894 592 1976; x_wconf 90' lang='lat' dir='ltr'>quidquam</span> <span class='ocrx_word' id='word_1_97' title='bbox 613 1894 655 1957; x_wconf 92' lang='lat' dir='ltr'>de</span> <span class='ocrx_word' id='word_1_98' title='bbox 678 1895 798 1958; x_wconf 90' lang='lat' dir='ltr'>Pisone</span> <span class='ocrx_word' id='word_1_99' title='bbox 818 1896 1062 1977; x_wconf 90' lang='lat' dir='ltr'>suspicabatur,</span> <span class='ocrx_word' id='word_1_100' title='bbox 1080 1916 1121 1958; x_wconf 90' lang='lat' dir='ltr'>ne</span> <span class='ocrx_word' id='word_1_101' title='bbox 1140 1915 1264 1958; x_wconf 90' lang='lat' dir='ltr'>nomen</span> <span class='ocrx_word' id='word_1_102' title='bbox 1281 1897 1420 1977; x_wconf 92' lang='lat' dir='ltr'>quidem</span> 
     </span>
     <span class='ocr_line' id='line_1_14' title="bbox 226 2013 1421 2098; baseline -0.001 -20"><span class='ocrx_word' id='word_1_103' title='bbox 226 2016 301 2078; x_wconf 90' lang='lat' dir='ltr'>eius</span> <span class='ocrx_word' id='word_1_104' title='bbox 331 2016 362 2077; x_wconf 90' lang='lat' dir='ltr'>ei</span> <span class='ocrx_word' id='word_1_105' title='bbox 390 2014 422 2076; x_wconf 94' lang='lat' dir='ltr'>in</span> <span class='ocrx_word' id='word_1_106' title='bbox 449 2022 599 2077; x_wconf 89' lang='lat' dir='ltr'>mentem</span> <span class='ocrx_word' id='word_1_107' title='bbox 624 2015 728 2089; x_wconf 89' lang='lat' dir='ltr'>venit,</span> <span class='ocrx_word' id='word_1_108' title='bbox 754 2035 831 2077; x_wconf 94' lang='lat' dir='ltr'>cum</span> <span class='ocrx_word' id='word_1_109' title='bbox 854 2014 1047 2077; x_wconf 89' lang='lat' dir='ltr'>sollertibus</span> <span class='ocrx_word' id='word_1_110' title='bbox 1070 2013 1226 2079; x_wconf 88' lang='lat' dir='ltr'>Scaevini</span> <span class='ocrx_word' id='word_1_111' title='bbox 1253 2018 1421 2098; x_wconf 88' lang='lat' dir='ltr'>responsis</span> 
     </span>
     <span class='ocr_line' id='line_1_15' title="bbox 226 2133 1423 2218; baseline -0.002 -20"><span class='ocrx_word' id='word_1_112' title='bbox 226 2155 337 2218; x_wconf 89' lang='lat' dir='ltr'>paene</span> <span class='ocrx_word' id='word_1_113' title='bbox 363 2133 530 2196; x_wconf 92' lang='lat' dir='ltr'>mendacii</span> <span class='ocrx_word' id='word_1_114' title='bbox 554 2133 829 2208; x_wconf 88' lang='lat' dir='ltr'>convinceretur;</span> <span class='ocrx_word' id='word_1_115' title='bbox 855 2142 927 2195; x_wconf 89' lang='lat' dir='ltr'>tum</span> <span class='ocrx_word' id='word_1_116' title='bbox 953 2133 1080 2195; x_wconf 92' lang='lat' dir='ltr'>Milichi</span> <span class='ocrx_word' id='word_1_117' title='bbox 1105 2153 1211 2195; x_wconf 86' lang='lat' dir='ltr'>uxore</span> <span class='ocrx_word' id='word_1_118' title='bbox 1235 2153 1320 2215; x_wconf 91' lang='lat' dir='ltr'>opus</span> <span class='ocrx_word' id='word_1_119' title='bbox 1340 2144 1423 2208; x_wconf 92' lang='lat' dir='ltr'>erat,</span> 
     </span>
     <span class='ocr_line' id='line_1_16' title="bbox 227 2252 1423 2337; baseline 0 -21"><span class='ocrx_word' id='word_1_120' title='bbox 227 2274 317 2337; x_wconf 89' lang='lat' dir='ltr'>quae</span> <span class='ocrx_word' id='word_1_121' title='bbox 349 2253 506 2315; x_wconf 91' lang='lat' dir='ltr'>maritum</span> <span class='ocrx_word' id='word_1_122' title='bbox 539 2253 740 2314; x_wconf 88' lang='lat' dir='ltr'>admoneret</span> <span class='ocrx_word' id='word_1_123' title='bbox 777 2252 986 2332; x_wconf 87' lang='lat' dir='ltr'>,Antonium</span> <span class='ocrx_word' id='word_1_124' title='bbox 1019 2252 1176 2315; x_wconf 88' lang='lat' dir='ltr'>Natalem</span> <span class='ocrx_word' id='word_1_125' title='bbox 1210 2252 1315 2315; x_wconf 92' lang='lat' dir='ltr'>multa</span> <span class='ocrx_word' id='word_1_126' title='bbox 1346 2274 1423 2316; x_wconf 92' lang='lat' dir='ltr'>cum</span> 
     </span>
     <span class='ocr_line' id='line_1_17' title="bbox 228 2370 1425 2454; baseline -0.001 -18"><span class='ocrx_word' id='word_1_127' title='bbox 228 2371 398 2437; x_wconf 88' lang='lat' dir='ltr'>Scaevino</span> <span class='ocrx_word' id='word_1_128' title='bbox 430 2391 469 2433; x_wconf 89' lang='lat' dir='ltr'>ac</span> <span class='ocrx_word' id='word_1_129' title='bbox 500 2380 630 2434; x_wconf 90' lang='lat' dir='ltr'>secreta</span> <span class='ocrx_word' id='word_1_130' title='bbox 662 2371 868 2434; x_wconf 91' lang='lat' dir='ltr'>collucutum</span> <span class='ocrx_word' id='word_1_131' title='bbox 901 2382 936 2434; x_wconf 93' lang='lat' dir='ltr'>et</span> <span class='ocrx_word' id='word_1_132' title='bbox 963 2393 1030 2434; x_wconf 76' lang='lat' dir='ltr'>esse</span> <span class='ocrx_word' id='word_1_133' title='bbox 1053 2384 1207 2454; x_wconf 82' lang='lat' dir='ltr'>utrosque</span> <span class='ocrx_word' id='word_1_134' title='bbox 1233 2370 1268 2436; x_wconf 78' lang='lat' dir='ltr'>C.</span> <span class='ocrx_word' id='word_1_135' title='bbox 1292 2371 1425 2435; x_wconf 84' lang='lat' dir='ltr'>Pisonis</span> 
     </span>
     <span class='ocr_line' id='line_1_18' title="bbox 227 2490 1426 2574; baseline -0.002 -18"><span class='ocrx_word' id='word_1_136' title='bbox 227 2490 395 2556; x_wconf 57' lang='lat' dir='ltr'>immor&amp;</span> <span class='ocrx_word' id='word_1_137' title='bbox 416 2490 451 2556; x_wconf 87' lang='lat' dir='ltr'>Si</span> <span class='ocrx_word' id='word_1_138' title='bbox 471 2511 533 2574; x_wconf 89' lang='lat' dir='ltr'>per</span> <span class='ocrx_word' id='word_1_139' title='bbox 552 2501 620 2554; x_wconf 91' lang='lat' dir='ltr'>tres</span> <span class='ocrx_word' id='word_1_140' title='bbox 642 2490 716 2553; x_wconf 90' lang='lat' dir='ltr'>illos</span> <span class='ocrx_word' id='word_1_141' title='bbox 735 2511 842 2554; x_wconf 89' lang='lat' dir='ltr'>annos</span> <span class='ocrx_word' id='word_1_142' title='bbox 862 2492 950 2554; x_wconf 92' lang='lat' dir='ltr'>adeo</span> <span class='ocrx_word' id='word_1_143' title='bbox 971 2502 1147 2574; x_wconf 90' lang='lat' dir='ltr'>suspectus</span> <span class='ocrx_word' id='word_1_144' title='bbox 1165 2492 1292 2554; x_wconf 90' lang='lat' dir='ltr'>Neroni</span> <span class='ocrx_word' id='word_1_145' title='bbox 1309 2492 1426 2554; x_wconf 82' lang='lat' dir='ltr'>fuisset</span> 
     </span>
     <span class='ocr_line' id='line_1_19' title="bbox 229 2609 1425 2693; baseline -0.001 -19"><span class='ocrx_word' id='word_1_146' title='bbox 229 2612 318 2687; x_wconf 92' lang='lat' dir='ltr'>Piso,</span> <span class='ocrx_word' id='word_1_147' title='bbox 339 2612 411 2693; x_wconf 90' lang='lat' dir='ltr'>ipse</span> <span class='ocrx_word' id='word_1_148' title='bbox 433 2609 600 2686; x_wconf 90' lang='lat' dir='ltr'>Milichus,</span> <span class='ocrx_word' id='word_1_149' title='bbox 621 2611 664 2673; x_wconf 94' lang='lat' dir='ltr'>ad</span> <span class='ocrx_word' id='word_1_150' title='bbox 687 2611 806 2672; x_wconf 91' lang='lat' dir='ltr'>incitas</span> <span class='ocrx_word' id='word_1_151' title='bbox 826 2611 993 2684; x_wconf 63' lang='lat' dir='ltr'>redactus»,</span> <span class='ocrx_word' id='word_1_152' title='bbox 1015 2610 1106 2685; x_wconf 92' lang='lat' dir='ltr'>nihil,</span> <span class='ocrx_word' id='word_1_153' title='bbox 1129 2618 1165 2672; x_wconf 92' lang='lat' dir='ltr'>ut</span> <span class='ocrx_word' id='word_1_154' title='bbox 1185 2612 1316 2692; x_wconf 94' lang='lat' dir='ltr'>opinor,</span> <span class='ocrx_word' id='word_1_155' title='bbox 1334 2611 1425 2692; x_wconf 89' lang='lat' dir='ltr'>prius</span> 
     </span>
     <span class='ocr_line' id='line_1_20' title="bbox 228 2730 1426 2812; baseline -0.003 -18"><span class='ocrx_word' id='word_1_156' title='bbox 228 2739 531 2795; x_wconf 87' lang='lat' dir='ltr'>commemorasset</span> <span class='ocrx_word' id='word_1_157' title='bbox 562 2751 663 2812; x_wconf 91' lang='lat' dir='ltr'>quam</span> <span class='ocrx_word' id='word_1_158' title='bbox 694 2731 877 2794; x_wconf 91' lang='lat' dir='ltr'>amicitiam</span> <span class='ocrx_word' id='word_1_159' title='bbox 913 2730 1041 2792; x_wconf 92' lang='lat' dir='ltr'>Pisonis</span> <span class='ocrx_word' id='word_1_160' title='bbox 1072 2730 1292 2811; x_wconf 89' lang='lat' dir='ltr'>patronique;</span> <span class='ocrx_word' id='word_1_161' title='bbox 1322 2731 1426 2792; x_wconf 93' lang='lat' dir='ltr'>immo</span> 
     </span>
     <span class='ocr_line' id='line_1_21' title="bbox 229 2849 1426 2932; baseline -0.003 -19"><span class='ocrx_word' id='word_1_162' title='bbox 229 2870 313 2913; x_wconf 90' lang='lat' dir='ltr'>vero</span> <span class='ocrx_word' id='word_1_163' title='bbox 343 2851 409 2913; x_wconf 91' lang='lat' dir='ltr'>iam</span> <span class='ocrx_word' id='word_1_164' title='bbox 438 2858 511 2913; x_wconf 92' lang='lat' dir='ltr'>tum</span> <span class='ocrx_word' id='word_1_165' title='bbox 541 2850 714 2912; x_wconf 90' lang='lat' dir='ltr'>Neronem</span> <span class='ocrx_word' id='word_1_166' title='bbox 739 2852 877 2932; x_wconf 90' lang='lat' dir='ltr'>eiusque</span> <span class='ocrx_word' id='word_1_167' title='bbox 901 2849 1027 2912; x_wconf 90' lang='lat' dir='ltr'>aulicos</span> <span class='ocrx_word' id='word_1_168' title='bbox 1051 2851 1094 2912; x_wconf 93' lang='lat' dir='ltr'>de</span> <span class='ocrx_word' id='word_1_169' title='bbox 1119 2849 1173 2912; x_wconf 90' lang='lat' dir='ltr'>illa</span> <span class='ocrx_word' id='word_1_170' title='bbox 1199 2849 1333 2911; x_wconf 85' lang='lat' dir='ltr'>lecisset</span> <span class='ocrx_word' id='word_1_171' title='bbox 1356 2868 1426 2911; x_wconf 90' lang='lat' dir='ltr'>cer·</span> 
     </span>
     <span class='ocr_line' id='line_1_22' title="bbox 228 2968 1425 3050; baseline -0.003 -18"><span class='ocrx_word' id='word_1_172' title='bbox 228 2971 345 3044; x_wconf 91' lang='lat' dir='ltr'>tiores,</span> <span class='ocrx_word' id='word_1_173' title='bbox 380 2989 457 3032; x_wconf 92' lang='lat' dir='ltr'>cum</span> <span class='ocrx_word' id='word_1_174' title='bbox 489 2969 641 3031; x_wconf 92' lang='lat' dir='ltr'>nondum</span> <span class='ocrx_word' id='word_1_175' title='bbox 674 2968 764 3031; x_wconf 90' lang='lat' dir='ltr'>illam</span> <span class='ocrx_word' id='word_1_176' title='bbox 797 2969 953 3050; x_wconf 84' lang='lat' dir='ltr'>pugionis</span> <span class='ocrx_word' id='word_1_177' title='bbox 985 2969 1196 3050; x_wconf 86' lang='lat' dir='ltr'>tragoediam</span> <span class='ocrx_word' id='word_1_178' title='bbox 1228 2976 1425 3050; x_wconf 88' lang='lat' dir='ltr'>spectasset.</span> 
     </span>
     <span class='ocr_line' id='line_1_23' title="bbox 229 3087 1426 3170; baseline -0.003 -18"><span class='ocrx_word' id='word_1_179' title='bbox 229 3089 417 3170; x_wconf 84' lang='lat' dir='ltr'>Fingamus</span> <span class='ocrx_word' id='word_1_180' title='bbox 448 3097 563 3152; x_wconf 87' lang='lat' dir='ltr'>tamen</span> <span class='ocrx_word' id='word_1_181' title='bbox 597 3088 722 3151; x_wconf 83' lang='lat' dir='ltr'>factum</span> <span class='ocrx_word' id='word_1_182' title='bbox 751 3107 823 3151; x_wconf 91' lang='lat' dir='ltr'>esse</span> <span class='ocrx_word' id='word_1_183' title='bbox 847 3089 940 3169; x_wconf 92' lang='lat' dir='ltr'>quod</span> <span class='ocrx_word' id='word_1_184' title='bbox 966 3088 1066 3170; x_wconf 90' lang='lat' dir='ltr'>plane</span> <span class='ocrx_word' id='word_1_185' title='bbox 1090 3090 1133 3150; x_wconf 89' lang='lat' dir='ltr'>sit</span> <span class='ocrx_word' id='word_1_186' title='bbox 1159 3087 1366 3162; x_wconf 90' lang='lat' dir='ltr'>incredibile,</span> <span class='ocrx_word' id='word_1_187' title='bbox 1392 3095 1426 3149; x_wconf 92' lang='lat' dir='ltr'>et</span> 
     </span>
     <span class='ocr_line' id='line_1_24' title="bbox 229 3207 1427 3288; baseline -0.006 -15"><span class='ocrx_word' id='word_1_188' title='bbox 229 3231 261 3273; x_wconf 86' lang='lat' dir='ltr'>a.</span> <span class='ocrx_word' id='word_1_189' title='bbox 286 3210 329 3272; x_wconf 90' lang='lat'>62</span> <span class='ocrx_word' id='word_1_190' title='bbox 355 3209 422 3271; x_wconf 89' lang='lat' dir='ltr'>iam</span> <span class='ocrx_word' id='word_1_191' title='bbox 446 3210 478 3270; x_wconf 93' lang='lat' dir='ltr'>in</span> <span class='ocrx_word' id='word_1_192' title='bbox 503 3228 562 3270; x_wconf 92' lang='lat' dir='ltr'>ore</span> <span class='ocrx_word' id='word_1_193' title='bbox 581 3209 731 3271; x_wconf 93' lang='lat' dir='ltr'>omnium</span> <span class='ocrx_word' id='word_1_194' title='bbox 753 3208 852 3270; x_wconf 82' lang='lat' dir='ltr'>luisse</span> <span class='ocrx_word' id='word_1_195' title='bbox 875 3207 1004 3270; x_wconf 92' lang='lat' dir='ltr'>Pisonis</span> <span class='ocrx_word' id='word_1_196' title='bbox 1025 3227 1150 3270; x_wconf 90' lang='lat' dir='ltr'>nomen</span> <span class='ocrx_word' id='word_1_197' title='bbox 1170 3216 1345 3288; x_wconf 87' lang='lat' dir='ltr'>tamquam</span> <span class='ocrx_word' id='word_1_198' title='bbox 1366 3207 1427 3267; x_wconf 91' lang='lat' dir='ltr'>viri</span> 
     </span>
     <span class='ocr_line' id='line_1_25' title="bbox 229 3326 1428 3411; baseline -0.003 -21"><span class='ocrx_word' id='word_1_199' title='bbox 229 3329 289 3411; x_wconf 93' lang='lat' dir='ltr'>qui</span> <span class='ocrx_word' id='word_1_200' title='bbox 321 3327 459 3390; x_wconf 90' lang='lat' dir='ltr'>insidias</span> <span class='ocrx_word' id='word_1_201' title='bbox 490 3326 618 3390; x_wconf 88' lang='lat' dir='ltr'>Neroni</span> <span class='ocrx_word' id='word_1_202' title='bbox 648 3335 793 3389; x_wconf 89' lang='lat' dir='ltr'>strueret</span> <span class='ocrx_word' id='word_1_203' title='bbox 821 3335 855 3388; x_wconf 89' lang='lat' dir='ltr'>et</span> <span class='ocrx_word' id='word_1_204' title='bbox 879 3326 923 3388; x_wconf 92' lang='lat' dir='ltr'>ab</span> <span class='ocrx_word' id='word_1_205' title='bbox 948 3328 1021 3408; x_wconf 90' lang='lat' dir='ltr'>ipso</span> <span class='ocrx_word' id='word_1_206' title='bbox 1047 3326 1183 3389; x_wconf 91' lang='lat' dir='ltr'>Nerone</span> <span class='ocrx_word' id='word_1_207' title='bbox 1208 3326 1428 3388; x_wconf 89' lang='lat' dir='ltr'>vehementer</span> 
     </span>
     <span class='ocr_line' id='line_1_26' title="bbox 231 3447 1427 3529; baseline -0.007 -16"><span class='ocrx_word' id='word_1_208' title='bbox 231 3456 451 3523; x_wconf 87' lang='lat' dir='ltr'>metueretur,</span> <span class='ocrx_word' id='word_1_209' title='bbox 483 3449 542 3510; x_wconf 94' lang='lat' dir='ltr'>sed</span> <span class='ocrx_word' id='word_1_210' title='bbox 575 3455 653 3529; x_wconf 90' lang='lat' dir='ltr'>post</span> <span class='ocrx_word' id='word_1_211' title='bbox 677 3448 762 3509; x_wconf 90' lang='lat' dir='ltr'>duos</span> <span class='ocrx_word' id='word_1_212' title='bbox 786 3467 892 3510; x_wconf 89' lang='lat' dir='ltr'>annos</span> <span class='ocrx_word' id='word_1_213' title='bbox 917 3456 951 3509; x_wconf 89' lang='lat' dir='ltr'>et</span> <span class='ocrx_word' id='word_1_214' title='bbox 976 3467 1100 3510; x_wconf 91' lang='lat' dir='ltr'>nomen</span> <span class='ocrx_word' id='word_1_215' title='bbox 1125 3455 1160 3508; x_wconf 91' lang='lat' dir='ltr'>et</span> <span class='ocrx_word' id='word_1_216' title='bbox 1184 3447 1292 3509; x_wconf 91' lang='lat' dir='ltr'>virum</span> <span class='ocrx_word' id='word_1_217' title='bbox 1317 3453 1427 3507; x_wconf 95' lang='lat' dir='ltr'>tanto·</span> 
     </span>
     <span class='ocr_line' id='line_1_27' title="bbox 232 3564 1428 3653; baseline -0.005 -21"><span class='ocrx_word' id='word_1_218' title='bbox 232 3590 314 3653; x_wconf 90' lang='lat' dir='ltr'>pere</span> <span class='ocrx_word' id='word_1_219' title='bbox 339 3570 372 3632; x_wconf 94' lang='lat' dir='ltr'>in</span> <span class='ocrx_word' id='word_1_220' title='bbox 395 3569 603 3631; x_wconf 91' lang='lat' dir='ltr'>oblivionem</span> <span class='ocrx_word' id='word_1_221' title='bbox 627 3567 761 3641; x_wconf 90' lang='lat' dir='ltr'>abiisse,</span> <span class='ocrx_word' id='word_1_222' title='bbox 783 3576 829 3643; x_wconf 89' lang='lat' dir='ltr'>ut,</span> <span class='ocrx_word' id='word_1_223' title='bbox 852 3566 941 3629; x_wconf 91' lang='lat' dir='ltr'>nulla</span> <span class='ocrx_word' id='word_1_224' title='bbox 964 3567 1087 3629; x_wconf 91' lang='lat' dir='ltr'>indicia</span> <span class='ocrx_word' id='word_1_225' title='bbox 1108 3565 1216 3628; x_wconf 92' lang='lat' dir='ltr'>nullos</span> <span class='ocrx_word' id='word_1_226' title='bbox 1236 3564 1428 3647; x_wconf 90' lang='lat' dir='ltr'>proditores</span> 
     </span>
     <span class='ocr_line' id='line_1_28' title="bbox 231 3684 1429 3769; baseline -0.006 -17"><span class='ocrx_word' id='word_1_227' title='bbox 231 3684 399 3762; x_wconf 88' lang='lat' dir='ltr'>metuens,</span> <span class='ocrx_word' id='word_1_228' title='bbox 420 3687 689 3750; x_wconf 89' lang='lat' dir='ltr'>coniurationem</span> <span class='ocrx_word' id='word_1_229' title='bbox 709 3688 880 3769; x_wconf 91' lang='lat' dir='ltr'>quandam</span> <span class='ocrx_word' id='word_1_230' title='bbox 901 3687 1058 3750; x_wconf 93' lang='lat' dir='ltr'>omnibus</span> <span class='ocrx_word' id='word_1_231' title='bbox 1076 3686 1223 3749; x_wconf 90' lang='lat' dir='ltr'>numeris</span> <span class='ocrx_word' id='word_1_232' title='bbox 1238 3684 1429 3747; x_wconf 90' lang='lat' dir='ltr'>absolutam</span> 
     </span>
     <span class='ocr_line' id='line_1_29' title="bbox 231 3804 1428 3890; baseline -0.005 -19"><span class='ocrx_word' id='word_1_233' title='bbox 231 3808 337 3872; x_wconf 91' lang='lat' dir='ltr'>ordiri</span> <span class='ocrx_word' id='word_1_234' title='bbox 369 3816 494 3890; x_wconf 92' lang='lat' dir='ltr'>posset,</span> <span class='ocrx_word' id='word_1_235' title='bbox 527 3807 634 3889; x_wconf 92' lang='lat' dir='ltr'>ipsine</span> <span class='ocrx_word' id='word_1_236' title='bbox 665 3807 795 3880; x_wconf 90' lang='lat' dir='ltr'>Tacito,</span> <span class='ocrx_word' id='word_1_237' title='bbox 829 3826 906 3869; x_wconf 93' lang='lat' dir='ltr'>cum</span> <span class='ocrx_word' id='word_1_238' title='bbox 940 3807 982 3869; x_wconf 90' lang='lat' dir='ltr'>de</span> <span class='ocrx_word' id='word_1_239' title='bbox 1016 3804 1071 3867; x_wconf 95' lang='lat' dir='ltr'>illa</span> <span class='ocrx_word' id='word_1_240' title='bbox 1102 3825 1236 3868; x_wconf 90' lang='lat' dir='ltr'>narrare</span> <span class='ocrx_word' id='word_1_241' title='bbox 1265 3806 1428 3886; x_wconf 88' lang='lat' dir='ltr'>inciperet</span> 
     </span>
    </p>
   </div>
   <div class='ocr_carea' id='block_1_3' title="bbox 232 3916 1428 4010">
    <p class='ocr_par' dir='ltr' id='par_1_3' title="bbox 232 3916 1428 4010">
     <span class='ocr_line' id='line_1_30' title="bbox 232 3916 1428 4010; baseline -0.004 -21"><span class='ocrx_word' id='word_1_242' title='bbox 232 3926 325 4010; x_wconf 89' lang='lat' dir='ltr'>(XV,</span> <span class='ocrx_word' id='word_1_243' title='bbox 348 3927 416 4007; x_wconf 89' lang='lat'>48),</span> <span class='ocrx_word' id='word_1_244' title='bbox 443 3925 596 3989; x_wconf 90' lang='lat' dir='ltr'>oblivisci</span> <span class='ocrx_word' id='word_1_245' title='bbox 621 3916 744 3988; x_wconf 90' lang='lat' dir='ltr'>licebat</span> <span class='ocrx_word' id='word_1_246' title='bbox 768 3946 804 3987; x_wconf 90' lang='lat' dir='ltr'>se</span> <span class='ocrx_word' id='word_1_247' title='bbox 829 3926 896 3988; x_wconf 94' lang='lat' dir='ltr'>iam</span> <span class='ocrx_word' id='word_1_248' title='bbox 921 3934 1023 3987; x_wconf 92' lang='lat' dir='ltr'>antea</span> <span class='ocrx_word' id='word_1_249' title='bbox 1047 3943 1115 3987; x_wconf 92' lang='lat' dir='ltr'>non</span> <span class='ocrx_word' id='word_1_250' title='bbox 1139 3924 1247 3985; x_wconf 89' lang='lat' dir='ltr'>solum</span> <span class='ocrx_word' id='word_1_251' title='bbox 1272 3923 1428 3985; x_wconf 89' lang='lat' dir='ltr'>Pisonem</span> 
     </span>
    </p>
   </div>
   <div class='ocr_carea' id='block_1_4' title="bbox 231 4041 1432 4484">
    <p class='ocr_par' dir='ltr' id='par_1_4' title="bbox 231 4041 1432 4484">
     <span class='ocr_line' id='line_1_31' title="bbox 232 4041 1430 4124; baseline -0.004 -17"><span class='ocrx_word' id='word_1_252' title='bbox 232 4046 438 4119; x_wconf 90' lang='lat' dir='ltr'>nominasse,</span> <span class='ocrx_word' id='word_1_253' title='bbox 468 4045 528 4106; x_wconf 91' lang='lat' dir='ltr'>sed</span> <span class='ocrx_word' id='word_1_254' title='bbox 560 4045 662 4106; x_wconf 88' lang='lat' dir='ltr'>etiam</span> <span class='ocrx_word' id='word_1_255' title='bbox 695 4044 806 4124; x_wconf 92' lang='lat' dir='ltr'>palam</span> <span class='ocrx_word' id='word_1_256' title='bbox 836 4043 1025 4106; x_wconf 90' lang='lat' dir='ltr'>declarasse</span> <span class='ocrx_word' id='word_1_257' title='bbox 1049 4051 1121 4103; x_wconf 93' lang='lat' dir='ltr'>tum</span> <span class='ocrx_word' id='word_1_258' title='bbox 1147 4041 1179 4123; x_wconf 85' lang='lat' dir='ltr'>(i.</span> <span class='ocrx_word' id='word_1_259' title='bbox 1204 4061 1232 4102; x_wconf 91' lang='lat' dir='ltr'>e.</span> <span class='ocrx_word' id='word_1_260' title='bbox 1258 4050 1338 4102; x_wconf 90' lang='lat' dir='ltr'>ante</span> <span class='ocrx_word' id='word_1_261' title='bbox 1362 4051 1430 4104; x_wconf 89' lang='lat' dir='ltr'>tres</span> 
     </span>
     <span class='ocr_line' id='line_1_32' title="bbox 231 4156 1429 4245; baseline -0.006 -17"><span class='ocrx_word' id='word_1_262' title='bbox 231 4164 353 4245; x_wconf 86' lang='lat' dir='ltr'>annos)</span> <span class='ocrx_word' id='word_1_263' title='bbox 374 4183 492 4225; x_wconf 89' lang='lat' dir='ltr'>revera</span> <span class='ocrx_word' id='word_1_264' title='bbox 511 4161 601 4224; x_wconf 90' lang='lat' dir='ltr'>illam</span> <span class='ocrx_word' id='word_1_265' title='bbox 622 4162 892 4225; x_wconf 88' lang='lat' dir='ltr'>coniurationem</span> <span class='ocrx_word' id='word_1_266' title='bbox 910 4163 1039 4243; x_wconf 92' lang='lat' dir='ltr'>cepisse</span> <span class='ocrx_word' id='word_1_267' title='bbox 1057 4156 1208 4221; x_wconf 91' lang='lat' dir='ltr'>initium?</span> <span class='ocrx_word' id='word_1_268' title='bbox 1227 4157 1321 4220; x_wconf 88' lang='lat' dir='ltr'>Haec</span> <span class='ocrx_word' id='word_1_269' title='bbox 1339 4160 1429 4221; x_wconf 93' lang='lat' dir='ltr'>enim</span> 
     </span>
     <span class='ocr_line' id='line_1_33' title="bbox 232 4278 1430 4360; baseline -0.006 -13"><span class='ocrx_word' id='word_1_270' title='bbox 232 4284 339 4347; x_wconf 90' lang='lat' dir='ltr'>verba</span> <span class='ocrx_word' id='word_1_271' title='bbox 370 4283 442 4345; x_wconf 81' lang='lat' dir='ltr'>eius</span> <span class='ocrx_word' id='word_1_272' title='bbox 473 4289 568 4344; x_wconf 90' lang='lat' dir='ltr'>sunt:</span> <span class='ocrx_word' id='word_1_273' title='bbox 605 4281 713 4360; x_wconf 87' lang='lat' dir='ltr'>,unde</span> <span class='ocrx_word' id='word_1_274' title='bbox 747 4281 859 4343; x_wconf 91' lang='lat' dir='ltr'>Pisoni</span> <span class='ocrx_word' id='word_1_275' title='bbox 891 4282 992 4343; x_wconf 91' lang='lat' dir='ltr'>timor</span> <span class='ocrx_word' id='word_1_276' title='bbox 1020 4290 1055 4342; x_wconf 93' lang='lat' dir='ltr'>et</span> <span class='ocrx_word' id='word_1_277' title='bbox 1079 4288 1153 4341; x_wconf 89' lang='lat' dir='ltr'>orta</span> <span class='ocrx_word' id='word_1_278' title='bbox 1178 4278 1371 4339; x_wconf 92' lang='lat' dir='ltr'>insidiarum</span> <span class='ocrx_word' id='word_1_279' title='bbox 1398 4279 1430 4340; x_wconf 95' lang='lat' dir='ltr'>in</span> 
     </span>
     <span class='ocr_line' id='line_1_34' title="bbox 233 4396 1432 4484; baseline -0.007 -17"><span class='ocrx_word' id='word_1_280' title='bbox 233 4403 409 4467; x_wconf 91' lang='lat' dir='ltr'>Neronem</span> <span class='ocrx_word' id='word_1_281' title='bbox 431 4421 553 4484; x_wconf 85' lang='lat' dir='ltr'>magna</span> <span class='ocrx_word' id='word_1_282' title='bbox 571 4400 677 4463; x_wconf 91' lang='lat' dir='ltr'>moles</span> <span class='ocrx_word' id='word_1_283' title='bbox 695 4408 730 4462; x_wconf 89' lang='lat' dir='ltr'>et</span> <span class='ocrx_word' id='word_1_284' title='bbox 746 4399 987 4482; x_wconf 90' lang='lat' dir='ltr'>improspera”.</span> <span class='ocrx_word' id='word_1_285' title='bbox 1003 4399 1093 4461; x_wconf 89' lang='lat' dir='ltr'>Num</span> <span class='ocrx_word' id='word_1_286' title='bbox 1108 4398 1194 4460; x_wconf 89' lang='lat' dir='ltr'>iusto</span> <span class='ocrx_word' id='word_1_287' title='bbox 1207 4396 1432 4459; x_wconf 91' lang='lat' dir='ltr'>severioribus</span> 
     </span>
    </p>
   </div>
   <div class='ocr_carea' id='block_1_5' title="bbox 0 0 1665 5280">
    <p class='ocr_par' dir='ltr' id='par_1_5' title="bbox 0 0 1665 5280">
     <span class='ocr_line' id='line_1_35' title="bbox 0 0 1665 5280; baseline 0 0"><span class='ocrx_word' id='word_1_288' title='bbox 0 0 1665 5280; x_wconf 95' lang='lat' dir='ltr'> </span> 
     </span>
    </p>
   </div>
  </div>
 </body>
</html>
