3210 5274
900 381 964 463 238

329 556 385 620 illa
411 558 511 641 plane
535 580 633 623 sensu
659 570 799 624 careret.
825 560 974 625 Pavidos
991 561 1221 646 periculorum
1245 562 1388 644 ineptae
1413 569 1464 624 est
1486 560 1530 624 lo·

332 680 513 759 quacitatis
537 690 571 744 et
595 681 629 742 in
654 680 765 744 Taciti
790 690 888 745 textu
913 682 1052 745 minime
1075 681 1248 746 ferendae.

378 798 421 860 H.
448 799 508 874 ΙΙΙ,
533 800 586 882 67.
616 800 687 863 Iam
719 802 842 864 cedere
874 801 1060 864 victoribus
1084 801 1244 865 Vitellius
1269 802 1437 877 decrevit,
1461 800 1530 863 hor·

332 918 484 982 tantibus
504 940 582 983 eum
602 921 720 983 amicis
740 930 777 984 ut
797 922 840 984 ad
862 942 1058 1005 supremum
1078 943 1114 985 se
1135 924 1331 1004 accingeret
1349 929 1530 996 certamen,

333 1047 368 1099 et
396 1039 439 1101 ad
472 1040 672 1104 eiurandum
703 1043 884 1124 imperium
909 1041 1002 1125 pullo
1025 1043 1151 1106 amictu
1178 1041 1310 1105 Palatio
1336 1042 1529 1123 digreditur.

334 1157 402 1222 Sed
438 1160 570 1222 tristem
606 1158 698 1223 illam
734 1162 963 1224 narrationem
999 1162 1175 1244 praecedit
1206 1169 1362 1224 moestae
1396 1161 1460 1235 rei,
1490 1159 1529 1222 ad

334 1277 442 1359 ipsam
467 1278 681 1361 imperatoris
704 1279 844 1343 domum
869 1281 1081 1363 pertinentis
1106 1281 1409 1343 commemoratio:

382 1406 474 1477 „erat
506 1398 552 1461 illi
585 1408 619 1461 et
647 1398 735 1462 fessa
758 1409 871 1463 aetate
896 1420 1035 1483 parens;
1061 1420 1148 1483 quae
1171 1409 1288 1463 tamen
1313 1401 1434 1482 paucis
1456 1407 1531 1463 ante

335 1517 455 1579 diebus
489 1526 683 1600 opportuna
719 1529 829 1582 morte
864 1521 1035 1584 excidium
1072 1522 1194 1585 domus
1229 1520 1422 1602 praevenit,
1455 1517 1533 1581 nihil

336 1637 528 1719 principatu
554 1637 611 1700 filii
636 1639 799 1702 adsecuta
823 1641 885 1702 nisi
911 1641 1039 1703 luctum
1065 1649 1099 1703 et
1124 1640 1249 1703 bonam
1275 1638 1437 1703 samam.”

382 1757 460 1819 Non
492 1758 564 1820 sine
596 1778 696 1821 causa
728 1758 813 1821 haec
845 1760 1127 1841 praemittuntur;
1161 1779 1242 1821 mox
1275 1759 1369 1821 enirn
1395 1757 1537 1841 legimus

338 1896 406 1938 non
437 1876 545 1939 solum
579 1877 709 1940 Palatio
741 1879 929 1959 digressum
955 1879 1144 1955 Vitellium,
1174 1879 1235 1941 sed
1260 1888 1387 1941 maesta
1412 1879 1536 1941 circum

331 1998 484 2080 familia,
511 2018 592 2080 ergo
615 1999 769 2081 legentes
792 2008 894 2062 antea
913 1998 1056 2062 edoctos
1077 2006 1215 2081 oportet
1236 1999 1279 2062 de
1301 1999 1421 2060 matris
1442 1996 1539 2070 illius,

339 2118 382 2179 de
413 2138 481 2198 qua
512 2119 545 2180 in
577 2119 861 2200 praecedentibus
893 2138 1001 2200 pauca
1028 2119 1088 2181 sed
1113 2118 1267 2200 egregria
1290 2124 1539 2200 cognoverunt,

339 2245 440 2299 sorte.
465 2235 532 2300 Sed
559 2237 612 2299 hic
637 2238 670 2299 in
694 2237 752 2299 illo
776 2249 961 2320 opportuna
985 2250 1091 2301 morte
1113 2237 1228 2299 omnia
1251 2245 1347 2312 sunt:
1372 2235 1438 2298 illis
1459 2237 1539 2318 ipsis

339 2357 460 2419 diebus
491 2377 566 2420 eam
599 2350 767 2420 mortuam
800 2377 872 2419 esse
906 2377 994 2420 nunc
1018 2357 1129 2438 quivis
1153 2358 1269 2420 statim
1294 2356 1465 2438 intelligit,
1491 2355 1540 2417 di-

339 2477 436 2539 sertis
467 2477 501 2539 id
534 2479 637 2540 etiam
668 2477 781 2540 verbis
812 2477 936 2540 referre
968 2477 1233 2559 ingratissimum
1257 2485 1320 2540 est.
1352 2476 1446 2558 Ergo
1471 2495 1540 2538 non

339 2616 415 2658 cum
447 2596 495 2658 10.
527 2596 692 2659 Muellero
722 2608 798 2660 ante
827 2598 888 2660 sed
921 2605 1032 2659 totum
1064 2596 1146 2660 illud
1171 2598 1292 2682 paucis
1322 2607 1400 2660 ante
1429 2597 1542 2660 daubus

339 2718 542 2780 eiiciendum
567 2737 700 2779 censeo,
726 2716 840 2779 Etiam
865 2716 899 2779 in
925 2717 1082 2799 proxima
1106 2716 1230 2779 vicinia
1253 2716 1348 2779 locus
1369 2715 1424 2779 hic
1444 2715 1539 2778 scioli

340 2857 477 2899 manum
502 2845 553 2899 est
578 2844 749 2918 expertus.
774 2834 830 2899 Sic
855 2836 945 2898 enim
970 2837 1139 2918 pergitur:

389 2955 573 3036 „Quintum
604 2955 775 3017 decimum
807 2954 970 3018 kalendas
1002 2955 1175 3019 Ianuarias
1205 2955 1322 3017 audita
1347 2953 1540 3017 defectione

340 3076 482 3157 legionis
516 3074 787 3156 cohortiumque,
823 3095 910 3155 quae
945 3096 981 3137 se
1018 3075 1166 3138 Narniae
1198 3075 1414 3149 dediderant,
1448 3072 1540 3157 pullo

341 3195 466 3257 amictu
492 3194 620 3256 Palatio
645 3193 866 3276 digreditur.”

385 3313 598 3394 Agnoscisne
626 3314 901 3376 annotationem:
927 3333 1033 3396 „quae
1057 3333 1093 3375 se
1119 3314 1267 3377 Narniae
1292 3309 1540 3376 dediderant”l

343 3435 420 3497 Non
441 3434 580 3497 Tacitus
599 3455 634 3496 se
656 3454 675 3495 a
693 3442 763 3495 tam
776 3433 951 3496 obliviosis
964 3433 1089 3496 lectum
1104 3434 1142 3496 iri
1156 3433 1351 3496 hominibus
1364 3442 1543 3515 exspecta·

342 3555 401 3629 vit,
421 3555 544 3636 quibus
565 3574 650 3636 opus
671 3561 759 3616 esset
780 3553 894 3616 omnia
907 3553 1095 3618 identidem
1109 3553 1142 3617 in
1157 3554 1356 3617 memoriam
1370 3573 1542 3618 revocare.

388 3674 432 3735 H.
458 3675 518 3749 III,
543 3676 595 3756 69.
628 3673 754 3756 Sparso
787 3695 920 3738 rumore
953 3676 995 3738 de
1020 3675 1164 3757 imperio
1187 3696 1208 3738 a
1234 3675 1376 3740 Vitellio
1399 3675 1541 3750 eiurato,

344 3794 481 3856 Flavius
506 3792 651 3856 Sabinus
674 3816 694 3857 a
719 3794 922 3876 primoribus
946 3795 1094 3858 civitatis
1117 3795 1334 3877 compellitur
1356 3804 1393 3858 ut
1413 3804 1449 3858 et
1470 3795 1542 3878 ipse

343 3914 505 3976 victoriae
526 3913 703 3994 famaeque
717 3922 850 3995 partem
864 3922 1029 3994 capessat.
1051 3911 1117 3995 Qui
1130 3914 1187 3977 ubi
1201 3915 1342 3978 tandem
1355 3914 1542 3995 aliquando

344 4053 461 4095 eorum
494 4035 593 4096 cessit
625 4033 781 4114 precibus
810 4034 949 4113 —ipse
981 4034 1071 4096 enim
1104 4042 1224 4097 natura
1256 4033 1358 4116 paulo
1389 4034 1543 4117 ignavior

345 4173 532 4234 parumque
563 4153 606 4214 ad
640 4152 810 4233 agendum
844 4161 1023 4234 promptus
1054 4161 1125 4216 erat
1151 4189 1194 4199 —
1222 4152 1337 4215 subito
1367 4153 1545 4235 cognoscit

347 4272 465 4352 vulgus
486 4280 520 4332 et
541 4271 699 4334 cohortes
720 4269 939 4333 Germanicas
958 4271 1001 4332 ad
1024 4280 1214 4335 extremum
1236 4291 1299 4355 pro
1312 4271 1455 4335 Vitellio
1469 4272 1546 4335 sub·

347 4391 497 4451 eundum
523 4397 695 4452 certamen
721 4398 874 4472 paratas:
