3210 5274
666 386 728 450 Ι49

92 544 236 608 modicis
261 545 464 629 penatibus’'
489 546 599 611 luisse.
626 548 718 611 Nihil
744 569 825 631 ergo
846 558 897 611 est
918 568 977 610 cur
999 547 1126 610 Tiberii
1147 549 1193 611 ob
1214 568 1291 611 ean·

89 666 169 728 dem
194 686 267 729 rem
293 666 453 729 miremur
478 667 654 731 laetitiam.
680 667 745 751 Qui
770 670 797 730 si
822 669 865 732 de
890 689 929 731 ea
949 669 992 731 ad
1013 677 1167 731 senatum
1190 668 1291 751 paulo

89 783 237 858 liberius,
269 784 351 866 quin
381 786 485 849 etiam
514 786 616 870 paulo
645 788 853 863 insolentius,
878 787 1011 851 locutus
1035 797 1096 863 est,
1122 788 1196 869 quis
1220 795 1290 850 tam

89 905 225 985 iniquus
257 912 294 967 ut
325 905 441 968 statim
475 906 694 970 iactationem
727 918 761 971 et
794 928 861 971 non
895 908 1069 971 serendam
1096 907 1290 989 superbiam

91 1023 275 1088 odoretur?
298 1025 420 1089 Nonne
442 1026 598 1108 proloqui
620 1027 650 1089 ei
671 1027 813 1091 licebat:
838 1027 939 1107 ,nulli
959 1036 1038 1090 ante
1059 1027 1290 1089 Romanorum

93 1144 246 1208 eiusdem
277 1144 401 1227 fastigii
430 1146 502 1208 viro
526 1147 699 1228 geminam
723 1149 865 1230 stirpem
890 1145 1054 1210 editam”?
1079 1146 1291 1221 Praesertim,

93 1264 121 1326 si
145 1284 262 1326 verum
283 1273 356 1327 erat
377 1264 477 1327 illud:
499 1267 533 1329 id
555 1276 669 1329 autem
691 1268 763 1350 ipse
784 1268 923 1330 Tacitus
940 1267 1052 1330 verbis
1065 1268 1169 1329 modo
1182 1266 1291 1329 allatis
1325 1310 1327 1315 -

94 1394 249 1448 testatur.
279 1383 369 1466 Quid
397 1406 478 1467 ergo
501 1387 670 1450 attinebat
695 1387 813 1450 odiosa
837 1387 901 1449 ista
925 1387 1143 1468 praemittere
1168 1385 1289 1448 verba:

97 1512 213 1585 ,tanto
245 1506 370 1586 gaudio
403 1506 592 1588 principem
624 1506 748 1581 aflecit,
776 1514 813 1569 ut
838 1526 906 1569 non
930 1506 1183 1588 temperaverit,
1208 1504 1289 1586 quin

92 1622 270 1687 iactaret”?
295 1623 391 1706 Quae
416 1634 450 1688 et
474 1626 547 1708 ipsa
572 1627 658 1689 inter
677 1647 714 1689 se
734 1634 882 1689 certant:
905 1627 1030 1689 namsi
1052 1625 1142 1688 illam
1163 1624 1290 1687 Tiberii

91 1746 282 1808 orationem
306 1744 474 1809 insolitum
494 1746 659 1829 gaudium
685 1746 896 1828 provocavit,
922 1744 1031 1808 nullus
1052 1746 1117 1807 iam
1138 1747 1290 1827 intempe-

90 1866 226 1929 rantiae
257 1873 291 1928 et
323 1866 512 1930 iactationis
543 1866 743 1947 relinquitur
767 1866 898 1929 crimini
922 1865 1026 1928 locus.
1051 1864 1119 1929 Cur
1143 1865 1290 1946 denique

92 1985 265 2047 mordacia
298 1985 361 2048 ista
391 1992 636 2048 annectuntur:
665 2005 763 2064 ,narn
788 1995 920 2059 cuncta,
945 1986 1049 2048 etiam
1073 1984 1221 2060 fortuita,
1245 1985 1289 2048 ad

91 2103 234 2187 gloriam
266 2102 459 2167 vertebat”?
484 2104 522 2168 In
548 2104 640 2167 bono
664 2105 817 2187 principe
841 2104 939 2167 facile
964 2105 1128 2168 eiusmodi
1154 2104 1290 2168 serimus

92 2224 203 2298 dicta;
230 2223 355 2286 malum
380 2223 528 2305 aliquem
553 2223 653 2287 fuisse
678 2225 865 2306 principem
891 2245 934 2287 ex
957 2225 1021 2286 illis
1042 2224 1174 2287 efficere
1196 2225 1290 2288 nolu·

93 2364 178 2407 mus.
212 2343 280 2409 Sed
313 2345 400 2407 hanc
433 2344 647 2426 iniquitatem
679 2364 746 2406 non
775 2364 818 2406 ex
842 2345 955 2407 studio
980 2344 1037 2406 illo
1060 2343 1187 2406 Tiberii
1212 2363 1289 2405 cum

93 2465 293 2527 Domitiano
314 2463 511 2527 conserendi
531 2471 647 2526 natam
666 2482 749 2538 esse,
772 2483 888 2526 verum
908 2483 951 2525 ex
966 2463 1033 2526 alio
1046 2483 1122 2527 eam
1136 2482 1289 2527 manasse

92 2583 186 2646 tonte
211 2591 356 2645 testatur
380 2582 501 2664 capitis
524 2582 615 2644 finis:

140 2702 229 2783 ,Sed
251 2702 379 2786 populo
399 2702 458 2766 tali
480 2703 513 2764 in
534 2712 689 2784 tempore
711 2702 744 2764 id
765 2722 902 2784 quoque
923 2702 1076 2765 dolorem
1096 2703 1184 2777 tulit,
1204 2711 1290 2766 tam-

92 2843 196 2905 quam
217 2830 336 2885 auctus
355 2821 469 2884 liberis
490 2822 618 2884 Drusus
636 2822 775 2884 domum
793 2820 985 2885 Germanici
1003 2822 1109 2903 magis
1123 2821 1290 2905 urgeret.'’

92 2941 143 3006 Cf.
169 2941 357 3005 Karstenus
382 2962 414 3023 p.
439 2957 481 3022 92
506 2960 580 3022 sqq.
606 2940 649 3002 de
673 2941 784 3017 Drusi,
808 2940 936 3003 Tiberii
950 2940 1023 3016 filii,
1045 2950 1079 3003 et
1098 2940 1290 3004 Germanici

91 3061 375 3144 Agrippinaeque
399 3059 604 3123 factionibus
629 3061 891 3142 prudentissime
916 3061 1103 3142 disputans.

138 3179 183 3242 A.
207 3180 251 3255 II,
277 3181 329 3242 88.
357 3179 526 3260 ,Reperio
547 3186 630 3261 aput
650 3179 832 3261 scriptores
847 3179 869 3260 ¹)
889 3181 1074 3243 eorundem
1095 3190 1288 3265 temporum

92 3298 339 3382 Adgandestrii
370 3298 532 3380 principis
564 3295 764 3360 Chattorum
795 3297 901 3361 lectas
934 3299 966 3361 in
998 3309 1117 3363 senatu
1148 3301 1288 3378 litteras,

92 3418 217 3500 quibus
241 3426 386 3481 mortem
410 3417 558 3480 Arminii
582 3417 815 3499 promittebat,
836 3419 863 3480 si
884 3419 1071 3500 patrandae
1092 3421 1166 3482 neci
1187 3441 1288 3483 vene-

92 3558 174 3601 num
196 3539 398 3613 mitteretur,
418 3557 685 3620 responsumque
705 3557 777 3599 esse
798 3557 866 3600 non
883 3537 999 3602 fraude
1013 3559 1123 3621 neque
1137 3540 1288 3615 occultis,

91 3659 153 3722 sed
174 3656 287 3741 palam
308 3666 343 3721 et
362 3667 530 3721 armatum
551 3656 715 3739 populum
737 3657 930 3721 Romanum
945 3659 1060 3722 hostes
1072 3679 1150 3722 suos
1163 3660 1288 3722 ulcisci.

131 3875 159 3944 ι)
177 3878 207 3927 ln
229 3877 319 3927 codice
338 3882 377 3926 est
396 3876 472 3941 apud
487 3875 628 3940 scriptores
646 3884 834 3942 senatoresque,
851 3884 931 3941 atque
949 3878 987 3928 sie
1005 3879 1098 3928 editur.
1118 3880 1192 3942 Quae
1210 3879 1290 3929 lectio

91 3978 152 4012 cum
176 3979 191 4012 a
215 3963 290 4013 nullo
315 3962 464 4011 mortalium
482 3961 596 4025 intelligi
616 3970 714 4027 posset,
732 3962 836 4013 luerunt
854 3965 901 4029 qui
920 3981 951 4014 eo
969 3965 1138 4015 fundamento
1156 3975 1290 4016 uterentur

90 4050 125 4099 ad
150 4050 233 4099 celsas
256 4048 390 4098 doctrinae
417 4057 498 4097 turres
520 4048 671 4112 exigendas.
692 4049 759 4098 Mihi
779 4066 819 4099 res
836 4052 976 4101 admodum
995 4053 1106 4117 simplex
1125 4054 1242 4105 videtur:
1262 4055 1289 4105 in

92 4136 176 4185 nostri
194 4136 294 4185 codicis
312 4150 361 4184 avo
381 4150 512 4200 proavove
532 4149 580 4198 pro
598 4134 739 4198 scriptores
754 4134 826 4185 sacili
842 4153 927 4187 errore
943 4140 1067 4204 scriptum
1083 4141 1133 4190 fuit
1148 4150 1290 4201 sermone·

91 4223 119 4271 in
138 4222 256 4286 margine
275 4228 404 4271 corrector
422 4236 509 4269 veram
524 4220 665 4269 lectionem
680 4221 820 4286 scriptores
834 4224 964 4287 appinxit.
981 4227 1061 4277 Cuius
1076 4228 1215 4278 consilium
1231 4245 1289 4280 cum

93 4324 148 4357 non
167 4309 329 4373 perspiceret
348 4308 380 4371 is,
399 4307 445 4372 qui
463 4306 511 4355 illo
530 4306 673 4371 exemplari
691 4307 724 4356 ad
743 4323 840 4357 novum
859 4310 1006 4360 iaciendum
1025 4313 1141 4363 codicem
1160 4317 1291 4384 utebatur,

91 4409 124 4443 ex
144 4410 230 4444 errore
248 4402 275 4444 et
293 4393 455 4443 correctione
475 4408 547 4442 suam
566 4393 618 4443 sibi
635 4393 776 4444 lectionem
794 4396 925 4447 conflavit.
