<?xml version="1.0" encoding="UTF-8"?>
<!DOCTYPE html PUBLIC "-//W3C//DTD XHTML 1.0 Transitional//EN"
    "http://www.w3.org/TR/xhtml1/DTD/xhtml1-transitional.dtd">
<html xmlns="http://www.w3.org/1999/xhtml" xml:lang="en" lang="en">
 <head>
  <title>
</title>
<meta http-equiv="Content-Type" content="text/html;charset=utf-8" />
  <meta name='ocr-system' content='tesseract 3.04.00' />
  <meta name='ocr-capabilities' content='ocr_page ocr_carea ocr_par ocr_line ocrx_word'/>
</head>
<body>
  <div class='ocr_page' id='page_1' title='image "./analectatacitea00hartgoog_0213.png"; bbox 0 0 3292 5280; ppageno 0'>
   <div class='ocr_carea' id='block_1_1' title="bbox 803 379 866 428">
    <p class='ocr_par' dir='ltr' id='par_1_1' title="bbox 803 379 866 428">
     <span class='ocr_line' id='line_1_1' title="bbox 803 379 866 428; baseline 0.016 -2"><span class='ocrx_word' id='word_1_1' title='bbox 803 379 866 428; x_wconf 91' lang='lat'>202</span> 
     </span>
    </p>
   </div>
   <div class='ocr_carea' id='block_1_2' title="bbox 193 541 1437 4101">
    <p class='ocr_par' dir='ltr' id='par_1_2' title="bbox 235 541 1437 726">
     <span class='ocr_line' id='line_1_2' title="bbox 238 541 1437 626; baseline 0.003 -23"><span class='ocrx_word' id='word_1_2' title='bbox 238 542 418 604; x_wconf 89' lang='lat' dir='ltr'>verborum</span> <span class='ocrx_word' id='word_1_3' title='bbox 439 541 526 604; x_wconf 83' lang='lat' dir='ltr'>nilril</span> <span class='ocrx_word' id='word_1_4' title='bbox 543 542 634 605; x_wconf 79' lang='lat' dir='ltr'>sede</span> <span class='ocrx_word' id='word_1_5' title='bbox 647 542 723 626; x_wconf 84' lang='lat' dir='ltr'>filio</span> <span class='ocrx_word' id='word_1_6' title='bbox 742 543 882 617; x_wconf 81' lang='lat' dir='ltr'>credere,</span> <span class='ocrx_word' id='word_1_7' title='bbox 904 543 1027 625; x_wconf 92' lang='lat' dir='ltr'>quibus</span> <span class='ocrx_word' id='word_1_8' title='bbox 1039 543 1212 618; x_wconf 84' lang='lat' dir='ltr'>adhaeret,</span> <span class='ocrx_word' id='word_1_9' title='bbox 1226 546 1437 625; x_wconf 85' lang='lat' dir='ltr'><strong>pessumdat,</strong></span> 
     </span>
     <span class='ocr_line' id='line_1_3' title="bbox 235 663 657 726; baseline -0.005 0"><span class='ocrx_word' id='word_1_10' title='bbox 235 663 365 726; x_wconf 91' lang='lat' dir='ltr'>auctori</span> <span class='ocrx_word' id='word_1_11' title='bbox 390 682 450 725; x_wconf 92' lang='lat' dir='ltr'>suo</span> <span class='ocrx_word' id='word_1_12' title='bbox 475 663 657 725; x_wconf 89' lang='lat' dir='ltr'>reddimus.</span> 
     </span>
    </p>

    <p class='ocr_par' dir='ltr' id='par_1_3' title="bbox 235 781 1437 1344">
     <span class='ocr_line' id='line_1_4' title="bbox 282 781 1437 866; baseline 0.003 -23"><span class='ocrx_word' id='word_1_13' title='bbox 282 782 326 844; x_wconf 87' lang='lat' dir='ltr'>A.</span> <span class='ocrx_word' id='word_1_14' title='bbox 352 781 447 856; x_wconf 89' lang='lat' dir='ltr'>XIV,</span> <span class='ocrx_word' id='word_1_15' title='bbox 475 798 526 864; x_wconf 89' lang='lat'>27.</span> <span class='ocrx_word' id='word_1_16' title='bbox 551 781 733 860; x_wconf 89' lang='lat' dir='ltr'>,Veterani</span> <span class='ocrx_word' id='word_1_17' title='bbox 754 783 940 846; x_wconf 87' lang='lat' dir='ltr'>Tarentum</span> <span class='ocrx_word' id='word_1_18' title='bbox 961 790 996 845; x_wconf 87' lang='lat' dir='ltr'>et</span> <span class='ocrx_word' id='word_1_19' title='bbox 1016 782 1159 846; x_wconf 87' lang='lat' dir='ltr'>Antium</span> <span class='ocrx_word' id='word_1_20' title='bbox 1183 784 1346 866; x_wconf 82' lang='lat' dir='ltr'>adscripti</span> <span class='ocrx_word' id='word_1_21' title='bbox 1369 804 1437 847; x_wconf 92' lang='lat' dir='ltr'>non</span> 
     </span>
     <span class='ocr_line' id='line_1_5' title="bbox 235 901 1434 986; baseline 0.001 -21"><span class='ocrx_word' id='word_1_22' title='bbox 235 912 353 965; x_wconf 90' lang='lat' dir='ltr'>tamen</span> <span class='ocrx_word' id='word_1_23' title='bbox 379 901 625 984; x_wconf 84' lang='lat' dir='ltr'>infrequentiae</span> <span class='ocrx_word' id='word_1_24' title='bbox 650 902 800 965; x_wconf 91' lang='lat' dir='ltr'>locorum</span> <span class='ocrx_word' id='word_1_25' title='bbox 825 903 1031 977; x_wconf 89' lang='lat' dir='ltr'>subvenere,</span> <span class='ocrx_word' id='word_1_26' title='bbox 1057 903 1196 985; x_wconf 85' lang='lat' dir='ltr'>dilapsis</span> <span class='ocrx_word' id='word_1_27' title='bbox 1221 904 1376 986; x_wconf 88' lang='lat' dir='ltr'>pluribus</span> <span class='ocrx_word' id='word_1_28' title='bbox 1403 906 1434 966; x_wconf 93' lang='lat' dir='ltr'>in</span> 
     </span>
     <span class='ocr_line' id='line_1_6' title="bbox 240 1022 1436 1106; baseline 0.001 -21"><span class='ocrx_word' id='word_1_29' title='bbox 240 1023 441 1106; x_wconf 87' lang='lat' dir='ltr'>provincias,</span> <span class='ocrx_word' id='word_1_30' title='bbox 467 1023 500 1084; x_wconf 93' lang='lat' dir='ltr'>in</span> <span class='ocrx_word' id='word_1_31' title='bbox 525 1022 647 1104; x_wconf 92' lang='lat' dir='ltr'>quibus</span> <span class='ocrx_word' id='word_1_32' title='bbox 670 1023 841 1105; x_wconf 90' lang='lat' dir='ltr'>stipendia</span> <span class='ocrx_word' id='word_1_33' title='bbox 865 1023 1106 1104; x_wconf 87' lang='lat' dir='ltr'>expleverant;</span> <span class='ocrx_word' id='word_1_34' title='bbox 1133 1043 1244 1105; x_wconf 90' lang='lat' dir='ltr'>neque</span> <span class='ocrx_word' id='word_1_35' title='bbox 1270 1024 1436 1105; x_wconf 90' lang='lat' dir='ltr'>coniugiis</span> 
     </span>
     <span class='ocr_line' id='line_1_7' title="bbox 238 1142 1434 1225; baseline 0.001 -19"><span class='ocrx_word' id='word_1_36' title='bbox 238 1143 460 1224; x_wconf 90' lang='lat' dir='ltr'>suscipiendis</span> <span class='ocrx_word' id='word_1_37' title='bbox 492 1163 603 1225; x_wconf 89' lang='lat' dir='ltr'>neque</span> <span class='ocrx_word' id='word_1_38' title='bbox 635 1142 764 1206; x_wconf 90' lang='lat' dir='ltr'>alendis</span> <span class='ocrx_word' id='word_1_39' title='bbox 795 1144 909 1206; x_wconf 91' lang='lat' dir='ltr'>liberis</span> <span class='ocrx_word' id='word_1_40' title='bbox 938 1145 1025 1207; x_wconf 91' lang='lat' dir='ltr'>sueti</span> <span class='ocrx_word' id='word_1_41' title='bbox 1057 1145 1158 1208; x_wconf 89' lang='lat' dir='ltr'>orbas</span> <span class='ocrx_word' id='word_1_42' title='bbox 1189 1145 1313 1207; x_wconf 91' lang='lat' dir='ltr'>domos</span> <span class='ocrx_word' id='word_1_43' title='bbox 1327 1145 1434 1207; x_wconf 84' lang='lat' dir='ltr'>‘relin-</span> 
     </span>
     <span class='ocr_line' id='line_1_8' title="bbox 236 1262 421 1344; baseline -0.011 -18"><span class='ocrx_word' id='word_1_44' title='bbox 236 1262 421 1344; x_wconf 90' lang='lat' dir='ltr'>quebant.”</span> 
     </span>
    </p>

    <p class='ocr_par' dir='ltr' id='par_1_4' title="bbox 234 1383 1432 1704">
     <span class='ocr_line' id='line_1_9' title="bbox 282 1383 1432 1467; baseline 0 -20"><span class='ocrx_word' id='word_1_45' title='bbox 282 1384 399 1447; x_wconf 90' lang='lat' dir='ltr'>Risum</span> <span class='ocrx_word' id='word_1_46' title='bbox 421 1392 536 1445; x_wconf 91' lang='lat' dir='ltr'>movet</span> <span class='ocrx_word' id='word_1_47' title='bbox 556 1383 655 1464; x_wconf 80' lang='lat' dir='ltr'>quod‘</span> <span class='ocrx_word' id='word_1_48' title='bbox 670 1384 702 1445; x_wconf 90' lang='lat' dir='ltr'>in</span> <span class='ocrx_word' id='word_1_49' title='bbox 716 1384 835 1446; x_wconf 91' lang='lat' dir='ltr'>codice</span> <span class='ocrx_word' id='word_1_50' title='bbox 848 1391 926 1465; x_wconf 93' lang='lat' dir='ltr'>post</span> <span class='ocrx_word' id='word_1_51' title='bbox 938 1383 1037 1447; x_wconf 81' lang='lat' dir='ltr'>orbas</span> <span class='ocrx_word' id='word_1_52' title='bbox 1048 1384 1188 1467; x_wconf 88' lang='lat' dir='ltr'>legitur:</span> <span class='ocrx_word' id='word_1_53' title='bbox 1201 1385 1272 1447; x_wconf 81' lang='lat' dir='ltr'>sine</span> <span class='ocrx_word' id='word_1_54' title='bbox 1277 1386 1432 1467; x_wconf 82' lang='lat' dir='ltr'>posteris,</span> 
     </span>
     <span class='ocr_line' id='line_1_10' title="bbox 234 1503 1432 1586; baseline 0 -20"><span class='ocrx_word' id='word_1_55' title='bbox 234 1513 410 1585; x_wconf 90' lang='lat' dir='ltr'>tamquam</span> <span class='ocrx_word' id='word_1_56' title='bbox 431 1503 456 1564; x_wconf 93' lang='lat' dir='ltr'>si</span> <span class='ocrx_word' id='word_1_57' title='bbox 479 1522 628 1583; x_wconf 92' lang='lat' dir='ltr'>unquam</span> <span class='ocrx_word' id='word_1_58' title='bbox 641 1503 819 1585; x_wconf 91' lang='lat' dir='ltr'>quisquam</span> <span class='ocrx_word' id='word_1_59' title='bbox 834 1512 989 1585; x_wconf 91' lang='lat' dir='ltr'>posteros</span> <span class='ocrx_word' id='word_1_60' title='bbox 1001 1524 1080 1566; x_wconf 91' lang='lat' dir='ltr'>suos</span> <span class='ocrx_word' id='word_1_61' title='bbox 1092 1504 1281 1586; x_wconf 91' lang='lat' dir='ltr'>conspiciat</span> <span class='ocrx_word' id='word_1_62' title='bbox 1295 1504 1432 1566; x_wconf 89' lang='lat' dir='ltr'>domive</span> 
     </span>
     <span class='ocr_line' id='line_1_11' title="bbox 235 1622 420 1704; baseline -0.005 -20"><span class='ocrx_word' id='word_1_63' title='bbox 235 1622 420 1704; x_wconf 86' lang='lat' dir='ltr'>relinquat!</span> 
     </span>
    </p>

    <p class='ocr_par' dir='ltr' id='par_1_5' title="bbox 235 1741 1436 2044">
     <span class='ocr_line' id='line_1_12' title="bbox 282 1741 1433 1826; baseline 0.001 -22"><span class='ocrx_word' id='word_1_64' title='bbox 282 1741 326 1805; x_wconf 88' lang='lat' dir='ltr'>A.</span> <span class='ocrx_word' id='word_1_65' title='bbox 362 1741 458 1816; x_wconf 90' lang='lat' dir='ltr'>XIV,</span> <span class='ocrx_word' id='word_1_66' title='bbox 498 1755 548 1822; x_wconf 85' lang='lat'>35.</span> <span class='ocrx_word' id='word_1_67' title='bbox 585 1741 766 1816; x_wconf 88' lang='lat' dir='ltr'>Boudicca,</span> <span class='ocrx_word' id='word_1_68' title='bbox 803 1742 980 1805; x_wconf 88' lang='lat' dir='ltr'>Icenorum</span> <span class='ocrx_word' id='word_1_69' title='bbox 1017 1743 1143 1826; x_wconf 88' lang='lat' dir='ltr'>regina,</span> <span class='ocrx_word' id='word_1_70' title='bbox 1179 1752 1213 1805; x_wconf 88' lang='lat' dir='ltr'>et</span> <span class='ocrx_word' id='word_1_71' title='bbox 1244 1742 1311 1806; x_wconf 92' lang='lat' dir='ltr'>alia</span> <span class='ocrx_word' id='word_1_72' title='bbox 1342 1745 1433 1825; x_wconf 90' lang='lat' dir='ltr'>apud</span> 
     </span>
     <span class='ocr_line' id='line_1_13' title="bbox 238 1861 1436 1943; baseline 0 -19"><span class='ocrx_word' id='word_1_73' title='bbox 238 1862 431 1925; x_wconf 85' lang='lat' dir='ltr'>Britanniae</span> <span class='ocrx_word' id='word_1_74' title='bbox 462 1862 618 1924; x_wconf 89' lang='lat' dir='ltr'>civitates</span> <span class='ocrx_word' id='word_1_75' title='bbox 649 1862 692 1923; x_wconf 91' lang='lat' dir='ltr'>de</span> <span class='ocrx_word' id='word_1_76' title='bbox 725 1861 957 1924; x_wconf 92' lang='lat' dir='ltr'>Romanorum</span> <span class='ocrx_word' id='word_1_77' title='bbox 990 1861 1190 1925; x_wconf 88' lang='lat' dir='ltr'>crudelitate</span> <span class='ocrx_word' id='word_1_78' title='bbox 1215 1863 1436 1943; x_wconf 88' lang='lat' dir='ltr'>conqueritur</span> 
     </span>
     <span class='ocr_line' id='line_1_14' title="bbox 235 1981 395 2044; baseline 0 0"><span class='ocrx_word' id='word_1_79' title='bbox 235 1991 270 2044; x_wconf 89' lang='lat' dir='ltr'>et</span> <span class='ocrx_word' id='word_1_80' title='bbox 294 1981 395 2044; x_wconf 86' lang='lat' dir='ltr'>haec:</span> 
     </span>
    </p>

    <p class='ocr_par' dir='ltr' id='par_1_6' title="bbox 237 2099 1436 2304">
     <span class='ocr_line' id='line_1_15' title="bbox 287 2099 1435 2184; baseline 0.002 -22"><span class='ocrx_word' id='word_1_81' title='bbox 287 2101 359 2180; x_wconf 84' lang='lat' dir='ltr'>,Eo</span> <span class='ocrx_word' id='word_1_82' title='bbox 391 2107 571 2182; x_wconf 89' lang='lat' dir='ltr'>provectas</span> <span class='ocrx_word' id='word_1_83' title='bbox 605 2099 837 2163; x_wconf 89' lang='lat' dir='ltr'>Romanorum</span> <span class='ocrx_word' id='word_1_84' title='bbox 871 2101 1086 2183; x_wconf 89' lang='lat' dir='ltr'>cupiditates,</span> <span class='ocrx_word' id='word_1_85' title='bbox 1118 2108 1155 2163; x_wconf 93' lang='lat' dir='ltr'>ut</span> <span class='ocrx_word' id='word_1_86' title='bbox 1187 2122 1255 2164; x_wconf 92' lang='lat' dir='ltr'>non</span> <span class='ocrx_word' id='word_1_87' title='bbox 1280 2121 1435 2184; x_wconf 91' lang='lat' dir='ltr'>corpora,</span> 
     </span>
     <span class='ocr_line' id='line_1_16' title="bbox 237 2220 1436 2304; baseline 0.002 -21"><span class='ocrx_word' id='word_1_88' title='bbox 237 2240 280 2283; x_wconf 92' lang='lat' dir='ltr'>ne</span> <span class='ocrx_word' id='word_1_89' title='bbox 301 2228 474 2282; x_wconf 87' lang='lat' dir='ltr'>senectam</span> <span class='ocrx_word' id='word_1_90' title='bbox 495 2221 632 2301; x_wconf 90' lang='lat' dir='ltr'>quidem</span> <span class='ocrx_word' id='word_1_91' title='bbox 655 2228 713 2283; x_wconf 91' lang='lat' dir='ltr'>aut</span> <span class='ocrx_word' id='word_1_92' title='bbox 734 2220 964 2303; x_wconf 86' lang='lat' dir='ltr'>virginitatem</span> <span class='ocrx_word' id='word_1_93' title='bbox 981 2220 1194 2304; x_wconf 89' lang='lat' dir='ltr'>impollutam</span> <span class='ocrx_word' id='word_1_94' title='bbox 1208 2221 1436 2303; x_wconf 88' lang='lat' dir='ltr'>relinquant.”</span> 
     </span>
    </p>

    <p class='ocr_par' dir='ltr' id='par_1_7' title="bbox 234 2339 1434 2543">
     <span class='ocr_line' id='line_1_17' title="bbox 279 2339 1434 2425; baseline 0.003 -24"><span class='ocrx_word' id='word_1_95' title='bbox 279 2340 440 2402; x_wconf 89' lang='lat' dir='ltr'>Facessat</span> <span class='ocrx_word' id='word_1_96' title='bbox 473 2339 550 2402; x_wconf 93' lang='lat' dir='ltr'>hinc</span> <span class='ocrx_word' id='word_1_97' title='bbox 583 2341 815 2422; x_wconf 88' lang='lat' dir='ltr'>importunum</span> <span class='ocrx_word' id='word_1_98' title='bbox 847 2341 936 2404; x_wconf 93' lang='lat' dir='ltr'>istud</span> <span class='ocrx_word' id='word_1_99' title='bbox 962 2362 1023 2404; x_wconf 85' lang='lat' dir='ltr'>non</span> <span class='ocrx_word' id='word_1_100' title='bbox 1047 2352 1197 2423; x_wconf 81' lang='lat' dir='ltr'>corpora,</span> <span class='ocrx_word' id='word_1_101' title='bbox 1223 2344 1316 2425; x_wconf 94' lang='lat' dir='ltr'>quod</span> <span class='ocrx_word' id='word_1_102' title='bbox 1343 2343 1434 2406; x_wconf 91' lang='lat' dir='ltr'>nulla</span> 
     </span>
     <span class='ocr_line' id='line_1_18' title="bbox 234 2458 1153 2543; baseline 0.002 -22"><span class='ocrx_word' id='word_1_103' title='bbox 234 2461 365 2521; x_wconf 91' lang='lat' dir='ltr'>ratione</span> <span class='ocrx_word' id='word_1_104' title='bbox 390 2458 538 2533; x_wconf 86' lang='lat' dir='ltr'>delendi,</span> <span class='ocrx_word' id='word_1_105' title='bbox 565 2458 663 2522; x_wconf 93' lang='lat' dir='ltr'>nullis</span> <span class='ocrx_word' id='word_1_106' title='bbox 686 2460 826 2541; x_wconf 84' lang='lat' dir='ltr'>argutiis</span> <span class='ocrx_word' id='word_1_107' title='bbox 851 2461 1003 2523; x_wconf 87' lang='lat' dir='ltr'>excusari</span> <span class='ocrx_word' id='word_1_108' title='bbox 1028 2470 1153 2543; x_wconf 90' lang='lat' dir='ltr'>potest.</span> 
     </span>
    </p>

    <p class='ocr_par' dir='ltr' id='par_1_8' title="bbox 234 2578 1432 2762">
     <span class='ocr_line' id='line_1_19' title="bbox 279 2578 1432 2661; baseline 0.004 -20"><span class='ocrx_word' id='word_1_109' title='bbox 279 2579 323 2641; x_wconf 86' lang='lat' dir='ltr'>A.</span> <span class='ocrx_word' id='word_1_110' title='bbox 350 2578 427 2653; x_wconf 91' lang='lat' dir='ltr'>XV,</span> <span class='ocrx_word' id='word_1_111' title='bbox 452 2596 482 2661; x_wconf 91' lang='lat'>7.</span> <span class='ocrx_word' id='word_1_112' title='bbox 508 2578 622 2652; x_wconf 77' lang='lat' dir='ltr'>Paeto¹</span> <span class='ocrx_word' id='word_1_113' title='bbox 649 2580 784 2642; x_wconf 88' lang='lat' dir='ltr'>iamiam</span> <span class='ocrx_word' id='word_1_114' title='bbox 811 2579 936 2642; x_wconf 90' lang='lat' dir='ltr'>bellum</span> <span class='ocrx_word' id='word_1_115' title='bbox 961 2599 1037 2642; x_wconf 91' lang='lat' dir='ltr'>cum</span> <span class='ocrx_word' id='word_1_116' title='bbox 1063 2580 1195 2643; x_wconf 91' lang='lat' dir='ltr'>Parthis</span> <span class='ocrx_word' id='word_1_117' title='bbox 1216 2582 1432 2658; x_wconf 90' lang='lat' dir='ltr'>inchoaturo,</span> 
     </span>
     <span class='ocr_line' id='line_1_20' title="bbox 234 2699 904 2762; baseline 0.001 -1"><span class='ocrx_word' id='word_1_118' title='bbox 234 2700 343 2762; x_wconf 90' lang='lat' dir='ltr'>tristia</span> <span class='ocrx_word' id='word_1_119' title='bbox 367 2708 402 2761; x_wconf 89' lang='lat' dir='ltr'>et</span> <span class='ocrx_word' id='word_1_120' title='bbox 426 2699 491 2761; x_wconf 90' lang='lat' dir='ltr'>alia</span> <span class='ocrx_word' id='word_1_121' title='bbox 516 2699 601 2761; x_wconf 85' lang='lat' dir='ltr'>frunt</span> <span class='ocrx_word' id='word_1_122' title='bbox 624 2701 740 2762; x_wconf 93' lang='lat' dir='ltr'>omina</span> <span class='ocrx_word' id='word_1_123' title='bbox 764 2708 798 2762; x_wconf 91' lang='lat' dir='ltr'>et</span> <span class='ocrx_word' id='word_1_124' title='bbox 822 2700 904 2762; x_wconf 89' lang='lat' dir='ltr'>hoc:</span> 
     </span>
    </p>

    <p class='ocr_par' dir='ltr' id='par_1_9' title="bbox 233 2819 1434 3001">
     <span class='ocr_line' id='line_1_21' title="bbox 282 2819 1434 2902; baseline 0.003 -21"><span class='ocrx_word' id='word_1_125' title='bbox 282 2819 371 2897; x_wconf 90' lang='lat' dir='ltr'>,Pila</span> <span class='ocrx_word' id='word_1_126' title='bbox 404 2819 548 2881; x_wconf 92' lang='lat' dir='ltr'>militum</span> <span class='ocrx_word' id='word_1_127' title='bbox 579 2838 700 2893; x_wconf 87' lang='lat' dir='ltr'>arsere,</span> <span class='ocrx_word' id='word_1_128' title='bbox 734 2819 841 2900; x_wconf 89' lang='lat' dir='ltr'>magis</span> <span class='ocrx_word' id='word_1_129' title='bbox 874 2819 995 2901; x_wconf 82' lang='lat' dir='ltr'>insigni</span> <span class='ocrx_word' id='word_1_130' title='bbox 1026 2820 1194 2902; x_wconf 85' lang='lat' dir='ltr'>prodigio,</span> <span class='ocrx_word' id='word_1_131' title='bbox 1219 2821 1299 2902; x_wconf 89' lang='lat' dir='ltr'>quia</span> <span class='ocrx_word' id='word_1_132' title='bbox 1326 2820 1434 2884; x_wconf 89' lang='lat' dir='ltr'>hostis</span> 
     </span>
     <span class='ocr_line' id='line_1_22' title="bbox 233 2937 724 3001; baseline 0.002 -2"><span class='ocrx_word' id='word_1_133' title='bbox 233 2937 413 3001; x_wconf 89' lang='lat' dir='ltr'>missilibus</span> <span class='ocrx_word' id='word_1_134' title='bbox 437 2938 513 3000; x_wconf 87' lang='lat' dir='ltr'>telis</span> <span class='ocrx_word' id='word_1_135' title='bbox 538 2937 724 3001; x_wconf 84' lang='lat' dir='ltr'>decertat.”</span> 
     </span>
    </p>

    <p class='ocr_par' dir='ltr' id='par_1_10' title="bbox 232 3057 1433 3379">
     <span class='ocr_line' id='line_1_23' title="bbox 277 3057 1433 3141; baseline 0.003 -22"><span class='ocrx_word' id='word_1_136' title='bbox 277 3058 439 3139; x_wconf 84' lang='lat' dir='ltr'>Indignus</span> <span class='ocrx_word' id='word_1_137' title='bbox 461 3057 614 3140; x_wconf 86' lang='lat' dir='ltr'>prolecto</span> <span class='ocrx_word' id='word_1_138' title='bbox 635 3059 692 3139; x_wconf 93' lang='lat' dir='ltr'>qui</span> <span class='ocrx_word' id='word_1_139' title='bbox 713 3057 869 3120; x_wconf 84' lang='lat' dir='ltr'>Tacitum</span> <span class='ocrx_word' id='word_1_140' title='bbox 891 3058 981 3140; x_wconf 83' lang='lat' dir='ltr'>legat</span> <span class='ocrx_word' id='word_1_141' title='bbox 1001 3059 1029 3120; x_wconf 92' lang='lat' dir='ltr'>is</span> <span class='ocrx_word' id='word_1_142' title='bbox 1050 3068 1110 3133; x_wconf 87' lang='lat' dir='ltr'>est,</span> <span class='ocrx_word' id='word_1_143' title='bbox 1131 3059 1189 3140; x_wconf 94' lang='lat' dir='ltr'>qui</span> <span class='ocrx_word' id='word_1_144' title='bbox 1212 3058 1267 3121; x_wconf 91' lang='lat' dir='ltr'>hic</span> <span class='ocrx_word' id='word_1_145' title='bbox 1289 3061 1433 3141; x_wconf 88' lang='lat' dir='ltr'>requirit</span> 
     </span>
     <span class='ocr_line' id='line_1_24' title="bbox 232 3176 1432 3259; baseline 0.003 -20"><span class='ocrx_word' id='word_1_146' title='bbox 232 3179 334 3240; x_wconf 90' lang='lat' dir='ltr'>etiam</span> <span class='ocrx_word' id='word_1_147' title='bbox 359 3178 434 3259; x_wconf 92' lang='lat' dir='ltr'>quis</span> <span class='ocrx_word' id='word_1_148' title='bbox 457 3179 499 3240; x_wconf 93' lang='lat' dir='ltr'>sit</span> <span class='ocrx_word' id='word_1_149' title='bbox 524 3177 630 3240; x_wconf 93' lang='lat' dir='ltr'>hostis</span> <span class='ocrx_word' id='word_1_150' title='bbox 655 3176 726 3252; x_wconf 92' lang='lat' dir='ltr'>ille;</span> <span class='ocrx_word' id='word_1_151' title='bbox 752 3185 867 3238; x_wconf 91' lang='lat' dir='ltr'>tamen</span> <span class='ocrx_word' id='word_1_152' title='bbox 892 3177 925 3238; x_wconf 93' lang='lat' dir='ltr'>in</span> <span class='ocrx_word' id='word_1_153' title='bbox 951 3177 1080 3253; x_wconf 89' lang='lat' dir='ltr'>codice,</span> <span class='ocrx_word' id='word_1_154' title='bbox 1105 3196 1182 3239; x_wconf 92' lang='lat' dir='ltr'>cum</span> <span class='ocrx_word' id='word_1_155' title='bbox 1207 3177 1313 3258; x_wconf 94' lang='lat' dir='ltr'>ipsius</span> <span class='ocrx_word' id='word_1_156' title='bbox 1340 3179 1432 3242; x_wconf 88' lang='lat' dir='ltr'>Lati·</span> 
     </span>
     <span class='ocr_line' id='line_1_25' title="bbox 232 3265 1322 3379; baseline -0.002 -19"><span class='ocrx_word' id='word_1_157' title='bbox 232 3299 347 3361; x_wconf 86' lang='lat' dir='ltr'>nitatis</span> <span class='ocrx_word' id='word_1_158' title='bbox 372 3299 578 3361; x_wconf 89' lang='lat' dir='ltr'>detrimento</span> <span class='ocrx_word' id='word_1_159' title='bbox 603 3265 742 3379; x_wconf 79' lang='lat' dir='ltr'>legitur:</span> <span class='ocrx_word' id='word_1_160' title='bbox 769 3297 848 3378; x_wconf 90' lang='lat' dir='ltr'>quia</span> <span class='ocrx_word' id='word_1_161' title='bbox 872 3295 1027 3359; x_wconf 78' lang='lat' dir='ltr'>Parthus</span> <span class='ocrx_word' id='word_1_162' title='bbox 1050 3296 1157 3359; x_wconf 92' lang='lat' dir='ltr'>hostis</span> <span class='ocrx_word' id='word_1_163' title='bbox 1180 3317 1209 3358; x_wconf 89' lang='lat' dir='ltr'>e.</span> <span class='ocrx_word' id='word_1_164' title='bbox 1223 3316 1257 3378; x_wconf 94' lang='lat' dir='ltr'>q.</span> <span class='ocrx_word' id='word_1_165' title='bbox 1271 3297 1322 3360; x_wconf 89' lang='lat' dir='ltr'>s.”</span> 
     </span>
    </p>

    <p class='ocr_par' dir='ltr' id='par_1_11' title="bbox 230 3415 1433 3861">
     <span class='ocr_line' id='line_1_26' title="bbox 275 3415 1433 3499; baseline 0 -19"><span class='ocrx_word' id='word_1_166' title='bbox 275 3417 319 3480; x_wconf 86' lang='lat' dir='ltr'>A.</span> <span class='ocrx_word' id='word_1_167' title='bbox 346 3418 422 3490; x_wconf 93' lang='lat' dir='ltr'>XV,</span> <span class='ocrx_word' id='word_1_168' title='bbox 450 3434 500 3499; x_wconf 90' lang='lat'>23.</span> <span class='ocrx_word' id='word_1_169' title='bbox 526 3417 709 3496; x_wconf 83' lang='lat' dir='ltr'>,Memmio</span> <span class='ocrx_word' id='word_1_170' title='bbox 730 3416 862 3498; x_wconf 87' lang='lat' dir='ltr'>Regulo</span> <span class='ocrx_word' id='word_1_171' title='bbox 883 3425 918 3478; x_wconf 89' lang='lat' dir='ltr'>et</span> <span class='ocrx_word' id='word_1_172' title='bbox 939 3415 1101 3498; x_wconf 88' lang='lat' dir='ltr'>Verginio</span> <span class='ocrx_word' id='word_1_173' title='bbox 1124 3415 1213 3479; x_wconf 85' lang='lat' dir='ltr'>Rulo</span> <span class='ocrx_word' id='word_1_174' title='bbox 1234 3418 1433 3480; x_wconf 90' lang='lat' dir='ltr'>consulibus</span> 
     </span>
     <span class='ocr_line' id='line_1_27' title="bbox 233 3536 1430 3620; baseline 0.003 -20"><span class='ocrx_word' id='word_1_175' title='bbox 233 3546 347 3600; x_wconf 90' lang='lat' dir='ltr'>natam</span> <span class='ocrx_word' id='word_1_176' title='bbox 376 3538 438 3600; x_wconf 93' lang='lat' dir='ltr'>sibi</span> <span class='ocrx_word' id='word_1_177' title='bbox 471 3559 513 3600; x_wconf 86' lang='lat' dir='ltr'>ex</span> <span class='ocrx_word' id='word_1_178' title='bbox 547 3538 706 3620; x_wconf 89' lang='lat' dir='ltr'>Poppaea</span> <span class='ocrx_word' id='word_1_179' title='bbox 739 3536 841 3600; x_wconf 89' lang='lat' dir='ltr'>filiam</span> <span class='ocrx_word' id='word_1_180' title='bbox 868 3537 959 3599; x_wconf 91' lang='lat' dir='ltr'>Nero</span> <span class='ocrx_word' id='word_1_181' title='bbox 985 3536 1071 3599; x_wconf 88' lang='lat' dir='ltr'>ultra</span> <span class='ocrx_word' id='word_1_182' title='bbox 1097 3537 1239 3600; x_wconf 90' lang='lat' dir='ltr'>mortale</span> <span class='ocrx_word' id='word_1_183' title='bbox 1265 3541 1430 3619; x_wconf 86' lang='lat' dir='ltr'>gaudium</span> 
     </span>
     <span class='ocr_line' id='line_1_28' title="bbox 230 3654 1429 3743; baseline 0.001 -22"><span class='ocrx_word' id='word_1_184' title='bbox 230 3659 428 3739; x_wconf 88' lang='lat' dir='ltr'>accepit...</span> <span class='ocrx_word' id='word_1_185' title='bbox 463 3659 574 3721; x_wconf 91' lang='lat' dir='ltr'>Locus</span> <span class='ocrx_word' id='word_1_186' title='bbox 606 3658 785 3740; x_wconf 90' lang='lat' dir='ltr'>puerperio</span> <span class='ocrx_word' id='word_1_187' title='bbox 819 3654 975 3743; x_wconf 83' lang='lat' dir='ltr'>[colonia]</span> <span class='ocrx_word' id='word_1_188' title='bbox 1009 3655 1249 3731; x_wconf 76' lang='lat' dir='ltr'>Antium-suit,</span> <span class='ocrx_word' id='word_1_189' title='bbox 1272 3659 1330 3720; x_wconf 93' lang='lat' dir='ltr'>ubi</span> <span class='ocrx_word' id='word_1_190' title='bbox 1356 3660 1429 3741; x_wconf 91' lang='lat' dir='ltr'>ipse</span> 
     </span>
     <span class='ocr_line' id='line_1_29' title="bbox 230 3778 539 3861; baseline -0.003 -20"><span class='ocrx_word' id='word_1_191' title='bbox 230 3789 411 3861; x_wconf 88' lang='lat' dir='ltr'>generatus</span> <span class='ocrx_word' id='word_1_192' title='bbox 435 3778 539 3841; x_wconf 87' lang='lat' dir='ltr'>erat.’&#39;</span> 
     </span>
    </p>

    <p class='ocr_par' dir='ltr' id='par_1_12' title="bbox 193 3875 1428 4101">
     <span class='ocr_line' id='line_1_30' title="bbox 193 3875 1428 3980; baseline -0.002 -17"><span class='ocrx_word' id='word_1_193' title='bbox 193 3955 199 3963; x_wconf 90' lang='lat'><strong>.</strong></span> <span class='ocrx_word' id='word_1_194' title='bbox 277 3898 379 3962; x_wconf 90' lang='lat' dir='ltr'>Suam</span> <span class='ocrx_word' id='word_1_195' title='bbox 404 3900 466 3961; x_wconf 94' lang='lat' dir='ltr'>sibi</span> <span class='ocrx_word' id='word_1_196' title='bbox 493 3898 617 3961; x_wconf 91' lang='lat' dir='ltr'>habeat</span> <span class='ocrx_word' id='word_1_197' title='bbox 641 3897 831 3960; x_wconf 89' lang='lat' dir='ltr'>doctrinam</span> <span class='ocrx_word' id='word_1_198' title='bbox 853 3896 1068 3979; x_wconf 80' lang='lat' dir='ltr'>magistelluS,</span> <span class='ocrx_word' id='word_1_199' title='bbox 1092 3917 1169 3959; x_wconf 93' lang='lat' dir='ltr'>nam</span> <span class='ocrx_word' id='word_1_200' title='bbox 1191 3875 1293 3960; x_wconf 79' lang='lat' dir='ltr'>nemo</span> <span class='ocrx_word' id='word_1_201' title='bbox 1315 3898 1428 3980; x_wconf 87' lang='lat' dir='ltr'>legen-</span> 
     </span>
     <span class='ocr_line' id='line_1_31' title="bbox 230 4018 1428 4101; baseline -0.002 -18"><span class='ocrx_word' id='word_1_202' title='bbox 230 4023 331 4096; x_wconf 89' lang='lat' dir='ltr'>tium,</span> <span class='ocrx_word' id='word_1_203' title='bbox 359 4022 415 4101; x_wconf 93' lang='lat' dir='ltr'>qui</span> <span class='ocrx_word' id='word_1_204' title='bbox 449 4021 587 4101; x_wconf 88' lang='lat' dir='ltr'>quidem</span> <span class='ocrx_word' id='word_1_205' title='bbox 620 4039 686 4081; x_wconf 94' lang='lat' dir='ltr'>non</span> <span class='ocrx_word' id='word_1_206' title='bbox 719 4019 762 4080; x_wconf 94' lang='lat' dir='ltr'>sit</span> <span class='ocrx_word' id='word_1_207' title='bbox 793 4018 943 4080; x_wconf 90' lang='lat' dir='ltr'>adversis</span> <span class='ocrx_word' id='word_1_208' title='bbox 977 4018 1082 4080; x_wconf 91' lang='lat' dir='ltr'>Musis</span> <span class='ocrx_word' id='word_1_209' title='bbox 1113 4027 1222 4093; x_wconf 89' lang='lat' dir='ltr'>natus,</span> <span class='ocrx_word' id='word_1_210' title='bbox 1255 4018 1310 4081; x_wconf 93' lang='lat' dir='ltr'>hic</span> <span class='ocrx_word' id='word_1_211' title='bbox 1343 4020 1428 4082; x_wconf 90' lang='lat' dir='ltr'>scire</span> 
     </span>
    </p>
   </div>
   <div class='ocr_carea' id='block_1_3' title="bbox 229 4117 1427 4223">
    <p class='ocr_par' dir='ltr' id='par_1_13' title="bbox 229 4117 1427 4223">
     <span class='ocr_line' id='line_1_32' title="bbox 229 4117 1427 4223; baseline -0.003 -20"><span class='ocrx_word' id='word_1_212' title='bbox 229 4142 323 4223; x_wconf 92' lang='lat' dir='ltr'>cupit</span> <span class='ocrx_word' id='word_1_213' title='bbox 348 4161 415 4220; x_wconf 92' lang='lat' dir='ltr'>quo</span> <span class='ocrx_word' id='word_1_214' title='bbox 440 4141 510 4202; x_wconf 88' lang='lat' dir='ltr'>iure</span> <span class='ocrx_word' id='word_1_215' title='bbox 535 4139 633 4201; x_wconf 89' lang='lat' dir='ltr'>luerit</span> <span class='ocrx_word' id='word_1_216' title='bbox 659 4139 836 4220; x_wconf 93' lang='lat' dir='ltr'>oppidum,</span> <span class='ocrx_word' id='word_1_217' title='bbox 861 4138 894 4201; x_wconf 89' lang='lat' dir='ltr'>in</span> <span class='ocrx_word' id='word_1_218' title='bbox 919 4157 988 4221; x_wconf 96' lang='lat' dir='ltr'>quo</span> <span class='ocrx_word' id='word_1_219' title='bbox 1013 4117 1092 4200; x_wconf 70' lang='lat' dir='ltr'>nata</span> <span class='ocrx_word' id='word_1_220' title='bbox 1115 4139 1159 4200; x_wconf 92' lang='lat' dir='ltr'>sit</span> <span class='ocrx_word' id='word_1_221' title='bbox 1180 4137 1327 4201; x_wconf 91' lang='lat' dir='ltr'>Neronis</span> <span class='ocrx_word' id='word_1_222' title='bbox 1349 4138 1427 4213; x_wconf 88' lang='lat' dir='ltr'>filia,</span> 
     </span>
    </p>
   </div>
   <div class='ocr_carea' id='block_1_4' title="bbox 231 4257 1425 4459">
    <p class='ocr_par' dir='ltr' id='par_1_14' title="bbox 231 4257 1425 4459">
     <span class='ocr_line' id='line_1_33' title="bbox 231 4257 1037 4343; baseline -0.005 -20"><span class='ocrx_word' id='word_1_223' title='bbox 231 4270 498 4343; x_wconf 90' lang='lat' dir='ltr'>propterquam</span> <span class='ocrx_word' id='word_1_224' title='bbox 525 4258 579 4320; x_wconf 92' lang='lat' dir='ltr'>ille</span> <span class='ocrx_word' id='word_1_225' title='bbox 604 4267 782 4338; x_wconf 91' lang='lat' dir='ltr'>tantopere</span> <span class='ocrx_word' id='word_1_226' title='bbox 808 4257 1037 4320; x_wconf 88' lang='lat' dir='ltr'>exsultaverit.</span> 
     </span>
     <span class='ocr_line' id='line_1_34' title="bbox 275 4377 1425 4459; baseline -0.002 -19"><span class='ocrx_word' id='word_1_227' title='bbox 275 4379 317 4440; x_wconf 83' lang='lat' dir='ltr'>A.</span> <span class='ocrx_word' id='word_1_228' title='bbox 345 4379 421 4451; x_wconf 83' lang='lat' dir='ltr'>XV,</span> <span class='ocrx_word' id='word_1_229' title='bbox 449 4394 498 4457; x_wconf 82' lang='lat'>25.</span> <span class='ocrx_word' id='word_1_230' title='bbox 526 4378 619 4439; x_wconf 87' lang='lat' dir='ltr'>Bello</span> <span class='ocrx_word' id='word_1_231' title='bbox 644 4398 720 4439; x_wconf 90' lang='lat' dir='ltr'>cum</span> <span class='ocrx_word' id='word_1_232' title='bbox 747 4377 877 4439; x_wconf 90' lang='lat' dir='ltr'>Parthis</span> <span class='ocrx_word' id='word_1_233' title='bbox 901 4378 1052 4459; x_wconf 86' lang='lat' dir='ltr'>gerendo</span> <span class='ocrx_word' id='word_1_234' title='bbox 1076 4378 1216 4440; x_wconf 90' lang='lat' dir='ltr'>tandem</span> <span class='ocrx_word' id='word_1_235' title='bbox 1240 4377 1425 4459; x_wconf 91' lang='lat' dir='ltr'>aliquando</span> 
     </span>
    </p>
   </div>
   <div class='ocr_carea' id='block_1_5' title="bbox 0 0 1650 5280">
    <p class='ocr_par' dir='ltr' id='par_1_15' title="bbox 0 0 1650 5280">
     <span class='ocr_line' id='line_1_35' title="bbox 0 0 1650 5280; baseline 0 3"><span class='ocrx_word' id='word_1_236' title='bbox 0 0 1650 5280; x_wconf 95' lang='lat' dir='ltr'> </span> 
     </span>
    </p>
   </div>
  </div>
 </body>
</html>
