3292 5280
775 365 835 427 108

208 539 396 622 significare
428 541 616 603 videantur.
651 541 738 605 Nam
767 542 897 624 legatus
920 542 1063 625 legionis
1086 542 1113 604 si
1138 542 1211 625 ipse
1235 545 1400 606 centurio

209 669 306 722 natus
339 661 408 734 dat,
442 669 556 742 potest
580 661 626 723 ob
650 683 725 725 earn
751 683 821 725 rem
847 663 1026 746 pecuniam
1050 663 1206 746 accipere
1229 664 1275 726 ab
1299 664 1400 727 hono·

208 799 279 851 rem
312 779 405 842 illum
439 781 652 862 petentibus;
685 790 720 843 at
743 801 820 844 cum
845 802 923 845 suos
946 781 1009 844 sibi
1034 782 1252 845 centuriones
1276 782 1400 864 eligunt

111 908 115 913 '
208 899 342 973 milites,
374 918 513 962 omnem
546 901 732 982 praedandi
766 901 962 965 facultatem
993 900 1124 983 legatus
1154 902 1280 965 amisit.
1314 902 1399 984 Ergo

208 1019 241 1081 in
260 1019 425 1101 praedam
449 1020 597 1084 vertebat
619 1021 667 1083 sic
692 1029 744 1083 est
763 1021 1001 1103 accipiendum
1021 1030 1058 1084 ut
1079 1021 1254 1084 Antonius
1273 1022 1400 1084 dicatur

208 1159 270 1220 pro
302 1138 442 1201 consilio
475 1138 542 1214 illo,
575 1161 643 1222 quo
668 1141 778 1203 omnis
801 1140 980 1223 disciplina
1003 1141 1297 1222 corrumpebatur,
1322 1162 1397 1204 mox

208 1257 298 1321 aliud
331 1258 570 1335 introduxisse,
602 1262 693 1341 quod
725 1261 913 1323 cuiusmodi
941 1260 1041 1324 suerit
1064 1260 1230 1323 hactenus
1254 1269 1397 1324 tanturn-

208 1378 312 1441 modo
344 1379 459 1461 prodit
495 1379 634 1443 Tacitus
666 1389 702 1442 ut
735 1381 827 1442 dicat
862 1380 1049 1463 praedandi
1085 1379 1167 1443 illud
1204 1380 1396 1444 facultatem

208 1497 363 1560 Antonio
388 1499 591 1580 praebuisse.

255 1615 359 1679 Paulo
391 1626 468 1699 post
501 1619 541 1698 (c.
568 1619 620 1700 58)
652 1620 744 1682 idem
775 1621 927 1684 vertendi
957 1621 1098 1683 verbum
1124 1620 1399 1703 explanationem

212 1738 384 1817 quandam
414 1739 584 1819 requirere
610 1739 752 1803 videtur.
778 1739 900 1803 Victus
924 1741 990 1802 iam
1014 1749 1049 1803 et
1073 1737 1274 1822 profligatus
1299 1739 1400 1803 Vitel-

209 1855 273 1918 lius
297 1866 451 1920 senatum
476 1870 661 1922 convocat:

257 1976 457 2056 ,Servorum
479 1999 655 2041 numerum
676 1989 711 2042 et
731 1981 865 2063 pondus
884 1980 1015 2062 argenti
1035 1979 1251 2042 senatoribus
1271 1980 1401 2055 indicit,

209 2097 341 2177 equites
362 2098 507 2162 Romani
528 2100 682 2162 obtulere
703 2121 842 2182 operam
863 2101 1100 2183 pecuniasque,
1119 2099 1224 2162 etiam
1237 2100 1400 2163 libertinis

210 2217 300 2279 idem
332 2239 453 2281 munus
483 2220 570 2283 ultro
600 2218 840 2302 flagitantibus
871 2222 921 2284 Ea
945 2220 1115 2283 simulatio
1139 2220 1241 2283 officii
1266 2241 1286 2283 a
1310 2229 1398 2283 metu

211 2336 363 2419 prosecta
386 2353 532 2404 verterat
554 2342 588 2403 in
604 2343 782 2424 savorem
804 2361 843 2404 ac
865 2341 1017 2424 plerique
1030 2341 1120 2403 haud
1135 2341 1280 2423 proinde
1294 2340 1399 2403 Vitel-

210 2457 291 2519 lium
316 2480 417 2540 quam
444 2481 558 2523 casum
582 2461 763 2542 locumque
788 2463 997 2544 principatus
1020 2460 1303 2525 miserabantur''.

256 2579 331 2642 Hoc
365 2590 477 2643 narrat
509 2582 663 2644 Tacitus:
694 2583 868 2662 „homines
892 2582 1044 2664 opulenti
1069 2581 1217 2645 officium
1241 2582 1401 2646 sitnulare

209 2709 393 2782 coeperant
413 2709 503 2762 metu
519 2700 778 2763 Vitellianorum
793 2700 937 2763 militum
950 2710 985 2764 et
997 2701 1174 2764 clamantis
1187 2701 1400 2784 plebeculae;

208 2829 243 2883 at
275 2842 381 2884 exea
405 2822 618 2884 simulatione
644 2822 899 2903 quodammodo
923 2821 1019 2884 favor
1041 2821 1181 2903 quidam
1206 2830 1280 2884 erat
1304 2830 1401 2884 natus

208 2940 361 3023 (fortasse
387 2943 476 3022 quia,
502 2962 577 3003 cum
602 2942 705 3004 animi
726 2941 830 3004 semel
850 2949 929 3004 sunt
949 2941 1122 3017 commoti,
1143 2941 1300 3004 homines
1320 2940 1399 3023 quid

209 3081 326 3122 revera
357 3061 505 3122 sentiant
538 3082 604 3124 non
638 3070 814 3143 quaerunt,
847 3061 988 3124 sortasse
1016 3060 1119 3123 etiam
1143 3061 1224 3141 quia
1248 3061 1401 3124 intanta

209 3179 456 3242 clamitantium
489 3180 703 3243 multitudine
736 3181 833 3243 facile
856 3181 900 3243 ad
925 3181 1063 3261 quosvis
1086 3179 1229 3243 assertus
1253 3179 1400 3262 compel-

210 3299 322 3362 luntur
354 3301 517 3362 homines.
552 3301 646 3364 Haec
678 3309 769 3364 certe
802 3299 926 3364 favoris
957 3320 1057 3363 causa
1084 3300 1274 3363 accedebat
1297 3300 1399 3382 quod)

209 3421 360 3503 plerique
404 3423 492 3484 haud
537 3422 679 3503 proinde
715 3421 892 3484 Vitellium
931 3441 1032 3502 quam
1069 3439 1184 3483 casum
1220 3419 1399 3500 locumque

209 3541 417 3622 principatus
443 3540 720 3603 miserabantur'’.

254 3661 297 3723 H.
324 3661 384 3736 IV,
412 3676 461 3741 54.
496 3662 574 3723 Post
607 3669 751 3723 mortem
779 3660 906 3723 Vitellii
934 3670 969 3723 et
992 3660 1083 3742 apud
1109 3657 1299 3721 Germanos
1323 3656 1399 3720 belli

208 3780 308 3842 ardor
340 3789 482 3861 augetur
514 3790 547 3842 et
580 3780 665 3842 Galli
697 3782 829 3843 animos
852 3779 985 3843 tollunt.
1012 3778 1197 3859 Utriusque
1222 3779 1269 3840 rei
1294 3778 1400 3841 causis

209 3900 349 3961 narratis
374 3899 456 3961 haec
481 3901 577 3962 addit
602 3900 757 3962 Tacitus:

256 4020 525 4101 ,incesseratque
557 4019 656 4093 sama,
690 4021 854 4102 primores
887 4018 1070 4082 Galliarum
1102 4017 1146 4080 ab
1179 4015 1319 4080 Othone
1344 4016 1400 4079 ad·

208 4160 323 4202 versus
348 4140 522 4202 Vitellium
557 4142 684 4213 missos,
718 4149 901 4220 antequam
928 4139 1195 4220 digrederentur,
1221 4136 1400 4218 pepigisse,

208 4279 249 4321 ne
270 4261 427 4322 deessent
448 4261 606 4334 libertati,
628 4261 654 4322 si
676 4260 839 4343 populum
863 4261 1055 4322 Romanurn
1077 4257 1240 4320 continua
1252 4254 1401 4319 civilium

208 4379 372 4442 bellorum
397 4382 498 4442 series
522 4390 556 4442 et
581 4382 713 4443 interna
738 4381 826 4443 mala
850 4379 1058 4462 fregissent’'.
