3292 5280
811 391 851 454 91

286 552 356 631 ,Ut
379 564 427 615 tot
442 548 463 633 ¹)
487 559 694 614 armatorum
719 552 810 615 milia
834 552 928 615 velut
951 572 1034 633 grex
1058 552 1227 614 venalium
1248 551 1337 614 exuli
1357 552 1430 615 An·

233 671 331 734 tonio
367 672 459 733 dono
494 671 655 734 darentur
690 671 780 752 (octo
818 671 975 734 nimirum
1007 671 1158 752 legiones
1189 671 1286 734 unius
1317 671 1431 733 classis

232 791 464 853 accessionem
488 790 582 873 sore),
606 792 640 853 id
667 792 769 853 Basso
793 791 827 853 id
853 789 1019 854 Caecinae
1044 789 1184 853 visum”.

279 908 336 974 Sic
360 909 573 991 distinguunt
598 909 757 986 editores,
781 910 1049 991 perversissime:
1076 929 1117 971 ne
1142 909 1206 971 alia
1230 918 1430 990 argumenta

231 1030 370 1104 addam,
407 1028 451 1092 ab
483 1030 522 1092 id
542 1076 571 1091 ..
595 1030 704 1092 visum
736 1049 826 1092 nunc
858 1030 985 1111 pendet
1017 1041 1054 1092 nt
1072 1065 1115 1074 —
1136 1030 1310 1109 darentur,
1342 1049 1429 1110 quae

231 1159 327 1213 certe
351 1150 499 1213 absurda
521 1158 689 1213 structura
713 1157 775 1225 est,
800 1169 911 1230 neque
935 1150 982 1212 sic
1007 1150 1216 1231 pronominis
1240 1150 1279 1212 id
1294 1136 1428 1212 constat

231 1270 330 1344 ratio,
356 1278 392 1332 ut
410 1279 543 1332 taceam
564 1289 666 1350 quarn
686 1270 802 1351 inepte
824 1288 911 1331 nunc
932 1268 988 1330 illa
1008 1277 1191 1350 repetatur.
1212 1268 1317 1330 Visne
1338 1269 1429 1350 ipsos

232 1388 359 1451 milites
393 1389 510 1452 audire
546 1396 727 1470 querentes
759 1397 793 1451 et
824 1397 958 1451 tantum
993 1407 1061 1450 non
1097 1385 1340 1469 singultantes?
1373 1385 1429 1450 Sic

231 1509 422 1590 distingue:
501 1504 504 1511 '

282 1630 351 1709 ,Ut
384 1638 435 1692 tot
467 1639 673 1693 armatorum
707 1629 798 1692 milia
825 1630 917 1693 velut
941 1649 1025 1711 grex
1048 1628 1218 1691 venalium
1243 1628 1332 1691 exuli
1359 1629 1429 1690 An·

230 1749 330 1811 tonio
366 1748 458 1811 dono
493 1747 674 1813 darentur?
707 1759 786 1812 octo
818 1750 974 1812 nimirum
1005 1749 1156 1831 legiones
1188 1749 1284 1811 unius
1316 1747 1430 1810 classis

231 1868 463 1931 accessionem
487 1868 576 1931 sore!
602 1869 640 1932 ld
666 1869 779 1942 Basso,
805 1869 839 1930 id
864 1867 1030 1932 Caecinae
1054 1865 1206 1929 visum?’'

278 1985 389 2069 Quam
409 1987 550 2070 pulchra
568 1995 619 2051 est
635 1988 720 2051 haec
738 1995 981 2051 structurarum
998 1987 1152 2060 varietas,
1166 2006 1268 2068 quam
1281 1987 1429 2067 graviter

231 2108 384 2171 lamenta
427 2107 571 2171 militurn
608 2128 707 2183 nunc,
742 2117 917 2189 tamquam
953 2109 1040 2170 iusta
1075 2107 1193 2181 oratio,
1226 2106 1429 2169 clauduntur

232 2229 435 2312 gravissimo
458 2228 516 2292 illo
539 2229 630 2291 id-
641 2230 768 2293 visum!

281 2349 325 2412 H.
351 2350 412 2425 111,
438 2351 490 2429 84.
521 2349 602 2412 Post
632 2348 737 2412 multa
766 2351 809 2413 ad
838 2350 957 2412 urbem
981 2358 1015 2412 et
1040 2350 1073 2411 in
1098 2350 1171 2431 ipsa
1194 2349 1277 2411 urbe
1302 2349 1430 2431 proelia

231 2469 375 2531 tandem
406 2467 560 2531 Flaviani
589 2477 698 2531 castra
729 2470 898 2550 praetoria
924 2469 1166 2551 aggrediuntur
1189 2468 1347 2530 omnibus
1370 2468 1429 2531 ad-

230 2586 348 2650 hibitis
372 2586 482 2660 rebus,
507 2587 630 2669 quibus
654 2587 881 2650 validissimae
904 2587 1016 2649 solent
1039 2588 1229 2670 oppugnari
1254 2587 1370 2649 urbes:

279 2706 425 2786 ,Contra
461 2706 646 2782 Vitelliani,
678 2727 886 2789 quamquam
923 2727 1062 2770 numero
1094 2706 1231 2788 latoque
1265 2708 1426 2789 dispares,

225 2826 418 2906 inquietare
450 2826 638 2900 victoriam,
671 2828 793 2889 morari
825 2846 956 2908 pacem,
988 2827 1109 2889 domos
1137 2846 1278 2907 arasque
1306 2846 1424 2888 cruore

227 2944 384 3021 foedare:
410 2965 567 3027 suprema
591 2947 689 3008 victis
712 2945 837 3008 solacia
860 2943 1186 3027 amplectebantur'’.

274 3062 330 3128 Sic
363 3065 395 3126 in
428 3064 634 3127 editionibus
666 3072 701 3127 et
732 3066 766 3127 in
799 3065 917 3127 codice
947 3064 1173 3145 distinguitur,
1198 3073 1373 3146 tamquam
1397 3065 1424 3126 si

226 3191 297 3246 tres
317 3183 470 3247 diversae
491 3204 543 3247 res
561 3204 581 3246 a
602 3184 793 3247 Vitellianis
815 3193 971 3265 peractae
993 3193 1241 3257 enumerentur,
1262 3205 1281 3246 a
1302 3184 1424 3265 quibus

227 3303 476 3383 seiungendum
504 3303 548 3365 sit
577 3304 666 3365 istud
696 3315 852 3386 suprema
881 3304 977 3366 uictas
999 3303 1121 3365 solacia
1144 3303 1422 3385 amplectebantur

226 3468 326 3484 .....
352 3424 443 3502 quod
477 3423 524 3484 ita
555 3441 705 3484 seorsum
739 3423 886 3504 positum
916 3432 974 3485 aut
1006 3442 1140 3485 sensum
1166 3422 1269 3484 habet
1293 3422 1421 3485 nullum

225 3550 285 3604 aut
303 3541 402 3623 plane
420 3542 610 3604 obscurum.
625 3542 754 3605 Verum
767 3543 952 3605 arctissime
966 3543 1137 3624 iungenda
1149 3551 1226 3604 sunt
1239 3544 1423 3623 inquietare

224 3662 402 3724 victoriam
430 3663 563 3724 morari
586 3674 721 3745 pacem:
751 3662 912 3725 iudicium
937 3662 988 3724 his
1012 3661 1123 3724 verbis
1146 3662 1318 3743 scriptoris
1342 3682 1421 3724 con-

223 3780 352 3843 tinetur
384 3781 426 3842 de
459 3780 621 3843 militibus
652 3780 916 3843 defendentibus
948 3782 1051 3842 etiarn
1084 3790 1194 3843 castra
1218 3800 1280 3842 nec
1304 3782 1419 3843 statim

222 3919 267 3963 eo
301 3899 448 3962 victores
483 3900 741 3982 recipientibus;
778 3909 915 3963 auctore
949 3900 1070 3962 Tacito
1104 3920 1170 3962 non
1203 3901 1245 3962 de
1277 3900 1419 3962 victoria

223 4025 356 4081 certare
379 4016 433 4079 vel
459 4016 577 4080 Vitelli
601 4018 779 4100 imperium
800 4020 972 4082 vindicare
993 4020 1073 4082 illud
1095 4019 1174 4082 suit:
1196 4021 1421 4102 inquietabant

223 4137 464 4200 tantummodo
489 4135 664 4200 Vitelliani
687 4139 862 4201 victoriam
888 4147 921 4200 et
940 4151 1055 4220 pacem
1077 4140 1296 4204 morabantur
1303 4169 1313 4218 ,·
1335 4141 1418 4203 haec

264 4385 291 4452 r)
310 4387 438 4435 Insertum
456 4401 472 4435 a
490 4385 601 4451 Rittero,
620 4385 689 4435 haud
708 4386 816 4437 dubium
834 4387 899 4452 quin
918 4395 996 4437 recte.
