3210 5274
751 363 773 426 9

199 519 309 583 Probe
334 520 472 583 memini
498 529 543 596 et,
569 521 631 583 nisi
653 522 894 597 meminissem,
916 523 1026 604 ipsum
1047 522 1222 605 exemplar
1242 522 1353 585 Taciti

153 660 222 721 quo
243 641 310 702 iam
332 638 508 721 Gymnasii
530 639 861 704 Amstelodamensis
882 641 1066 724 discipulus
1083 663 1160 704 usus
1172 663 1257 716 sum,
1271 642 1352 705 mihi

154 760 268 822 multis
299 760 403 842 signis
434 761 687 843 interrogativis
715 781 786 823 rem
809 763 843 824 in
869 770 1019 824 mentem
1044 782 1203 825 revocare
1227 770 1353 844 posset,

118 961 120 966 Ι
155 898 209 941 me
241 898 319 941 cum
351 881 498 961 primum
530 881 648 943 sedulo
681 901 821 962 operam
853 880 975 943 Tacito
1003 882 1084 944 dare
1109 881 1293 963 inciperem
1319 862 1353 942 ih

154 998 218 1060 hoc
253 998 328 1080 ipso
362 997 438 1060 loco
471 999 596 1067 diutius
628 998 778 1062 haerere.
812 999 965 1061 Videbar
996 999 1077 1062 mihi
1110 999 1153 1062 de
1185 999 1354 1062 seditione

154 1117 302 1199 quadam
324 1116 474 1180 cohortis
494 1119 669 1181 cuiusdam
690 1117 856 1182 Ostiensis
877 1117 999 1200 legere,
1020 1104 1146 1181 deinde
1167 1118 1212 1180 ob
1232 1118 1352 1181 intem·

156 1237 323 1319 pestivam
344 1236 550 1319 plenamque
572 1237 710 1320 periculi
732 1239 775 1301 de
796 1239 1001 1319 imperatore
1014 1257 1074 1300 suo
1088 1236 1352 1300 sollicitudinem

155 1356 324 1438 obiurgari
348 1356 621 1438 reprehendique
641 1357 684 1419 ab
706 1355 844 1420 Othone
864 1357 1024 1420 videbam
1045 1393 1088 1402 -
1108 1358 1352 1439 praetorianos.

157 1475 277 1556 Neque
301 1484 417 1538 tamen
442 1474 609 1539 Ostiensis
633 1475 708 1539 illos
733 1476 852 1538 missos
872 1476 982 1538 facere
1003 1485 1176 1560 poteram,
1197 1476 1352 1558 legebam

155 1597 245 1659 enim
266 1581 309 1657 de
331 1595 495 1658 militibus
513 1595 626 1659 urbem
647 1596 860 1677 petentibus:
878 1596 1012 1659 aliunde
1024 1617 1105 1678 ergo
1118 1596 1165 1659 illi
1179 1604 1353 1658 venerant.

156 1714 201 1777 Et
233 1716 395 1797 quoniam
429 1713 540 1791 Ostiae
570 1717 604 1778 in
636 1717 745 1798 prima
778 1717 970 1779 narratione
1003 1724 1075 1778 erat
1100 1714 1189 1778 sacta
1211 1716 1350 1790 mentio,

135 1901 142 1916 ,
158 1831 251 1914 Ostia
271 1834 346 1897 illos
367 1836 549 1898 accurrisse
571 1835 652 1897 mihi
673 1835 864 1898 constabat.
882 1835 1039 1917 Denique
1053 1835 1086 1897 in
1100 1836 1221 1898 eodem
1240 1854 1352 1898 errore

155 1955 315 2017 versabar
350 1957 384 2017 in
417 1975 485 2036 quo
518 1955 664 2017 haesisse
697 1953 914 2017 Plutarchum
948 1973 1035 2016 nunc
1068 1955 1192 2016 scimus
1223 1973 1352 2015 omnes.

156 2072 224 2138 Sed
257 2075 418 2156 quoniam
443 2073 675 2156 intelligebam
701 2074 748 2136 sic
772 2082 905 2136 ceterae
930 2073 1131 2135 narrationis
1155 2074 1352 2154 neutiquam

108 2205 112 2210 '
155 2203 312 2257 constare
348 2195 525 2270 rationem,
557 2196 679 2257 iterum
711 2195 902 2275 iterumque
934 2213 1067 2256 mecum
1098 2201 1209 2255 totum
1240 2191 1352 2254 locum

66 2317 73 2324 ’
158 2312 350 2388 volvebam,
376 2314 487 2376 donec
511 2315 651 2376 tandem
677 2314 860 2396 aliquando
886 2314 967 2394 quid
993 2313 1133 2375 Tacitus
1156 2331 1218 2374 suo
1242 2299 1355 2375 urbem

62 2475 64 2478 ι
158 2452 197 2493 ac
221 2430 394 2495 Palatium
419 2432 483 2494 sibi
507 2433 668 2495 voluisset
692 2431 936 2513 intelligebam.

202 2551 301 2614 Multi
327 2552 531 2615 transierunt
555 2552 635 2614 anni
660 2553 810 2634 mihique
837 2550 1020 2614 Professori
1046 2551 1256 2614 Academico
1278 2571 1354 2615 cum

156 2670 446 2734 commilitonibus
467 2673 551 2734 meis
571 2671 710 2734 Tacitus
726 2672 889 2753 legendus
903 2680 984 2734 erat.
999 2672 1143 2754 Vesperi
1161 2680 1241 2734 tunc
1254 2672 1355 2734 certis

155 2791 276 2854 diebus
290 2793 429 2854 domum
444 2811 556 2881 meam
569 2791 820 2855 conveniebant
833 2790 1005 2853 literarum
1018 2792 1201 2866 candidati,
1216 2792 1355 2853 iuvenes

154 2911 236 2972 satis
269 2911 362 2974 docti
395 2920 430 2973 et
462 2911 593 2973 subacti
626 2911 750 2985 iudicii,
784 2920 821 2973 ut
852 2911 1001 2973 suaviter
1031 2910 1289 2973 confabulantes
1320 2912 1353 2972 in

155 3031 278 3093 Tacito
303 3031 515 3093 enucleando
540 3039 692 3092 mutuam
716 3031 927 3092 traderemus
951 3051 1101 3112 operam.
1118 3030 1180 3092 ¹Ad
1202 3038 1353 3092 nostrum

156 3158 271 3213 autem
291 3149 404 3212 locum
426 3170 503 3212 cum
516 3149 787 3232 pervenissemus
800 3149 881 3231 quid
895 3147 1075 3212 videbam?
1090 3148 1222 3211 Eodem
1236 3169 1355 3212 omnes

155 3239 274 3332 teneri
289 3290 403 3333 errore
427 3270 484 3352 qui
510 3269 590 3332 mihi
612 3269 693 3332 olim
713 3277 766 3331 tot
785 3278 949 3351 tantaque
970 3269 1180 3332 exhibuisset
1201 3270 1354 3351 negotia!

157 3390 233 3472 Ego
258 3411 339 3453 vero
364 3391 549 3452 admodum
575 3389 656 3452 mihi
682 3389 870 3472 placebam,
896 3391 954 3471 qui
981 3390 1089 3452 tribus
1110 3390 1222 3452 verbis
1241 3391 1354 3452 urbem

155 3530 195 3572 ac
217 3509 391 3574 Palatium
416 3517 509 3572 recte
533 3509 707 3570 vertendis
732 3508 890 3571 nebulam
912 3508 1002 3571 illam
1024 3510 1187 3592 dissipare
1208 3529 1354 3591 possem.

157 3627 224 3690 Hic
255 3628 408 3710 plerique
438 3637 509 3690 tam
535 3629 662 3691 efficaci
686 3629 802 3690 statim
827 3648 945 3691 manus
970 3629 1099 3691 dabant
1123 3629 1294 3702 scientiae,
1320 3638 1355 3692 at

155 3768 241 3811 unus
267 3757 301 3810 et
325 3748 412 3811 alter
435 3746 641 3830 pertinacior
665 3756 755 3810 erat:
781 3748 997 3811 Plutarchum
1021 3748 1221 3822 contulerat,
1245 3750 1292 3811 ita
1317 3757 1354 3812 ut

152 3867 186 3928 in
211 3867 323 3929 tenaci
344 3867 499 3930 haereret
519 3887 638 3943 coeno,
658 3867 749 3929 unde
771 3868 923 3949 plantam
943 3866 1088 3930 evellere
1110 3887 1178 3929 non
1199 3868 1351 3931 auderet.

154 3987 231 4068 Ego
262 4007 353 4061 vero,
386 3988 439 4050 cui
465 3986 635 4050 Plutarchi
659 3995 889 4069 opponeretur
913 3987 1107 4061 auctoritas,
1133 3988 1190 4050 diu
1213 4024 1257 4033 —
1281 3986 1354 4049 infi-

155 4108 231 4169 tiari
265 4107 344 4169 nolo
368 4143 411 4153 —
436 4108 543 4169 tacui:
573 4107 655 4189 quid
680 4107 771 4169 enim
797 4106 963 4170 facerem?
988 4107 1143 4170 Tandem
1169 4116 1294 4181 tamen,
1320 4129 1355 4170 re

156 4226 346 4288 accuratius
363 4227 544 4307 pensitata,
558 4224 763 4289 exclamavi:
776 4227 934 4290 Tacitum
948 4248 1029 4310 ergo
1042 4228 1145 4290 vertit
1159 4227 1356 4291 Plutarchus

156 4354 191 4409 et
212 4365 316 4428 prave
332 4345 456 4407 vertit.
471 4393 478 4407 .
494 4393 500 4407 .
516 4392 523 4406 .
538 4364 687 4426 ergoque
700 4343 913 4408 falsissimum
928 4367 1000 4410 esse
1013 4346 1200 4409 luculenter
1212 4356 1357 4429 apparet
