3292 5280
706 334 711 343 Ι
778 398 836 463 ¹9²

209 572 299 636 rent,
336 563 517 643 quominus
553 563 641 624 istud
678 562 944 644 exploratoribus
977 583 996 625 e
1032 571 1129 626 textu
1165 563 1402 625 eximeremus.

253 683 297 745 H.
332 682 356 756 I,
391 698 442 764 27.
479 680 613 762 ,lOthol
646 682 709 743 sub
733 682 854 744 aedem
879 679 1016 744 Saturni
1040 682 1161 764 pergit.
1198 682 1251 744 Ibi
1277 690 1346 744 tres
1369 690 1403 744 et

211 803 330 884 viginti
362 801 592 883 speculatores
624 801 873 864 consalutatum
902 803 1143 883 imperatorem
1167 821 1207 864 ac
1232 803 1404 884 paucitate

210 923 429 987 salutantium
462 922 644 1003 trepidum,
668 921 771 984 sellae
788 919 810 1002 ¹)
835 920 1034 985 festinanter
1058 923 1256 1005 impositum
1280 924 1406 985 strictis

207 1041 429 1123 ¹mucronibus
460 1041 612 1123 rapiunt:
638 1041 783 1104 totidem
808 1040 913 1104 ferme
939 1042 1061 1104 milites
1084 1043 1118 1104 in
1142 1043 1266 1104 itinere
1288 1044 1406 1124 adgre-

210 1171 344 1246 gantur,
375 1160 431 1223 alii
463 1160 681 1234 conscientia,
714 1160 866 1243 plerique
898 1160 1070 1235 miraculo,
1103 1181 1181 1243 pars
1204 1161 1356 1224 clamore
1379 1173 1409 1224 et

207 1283 345 1366 gladiis,
371 1301 447 1363 pars
471 1278 638 1343 silenti0.”

257 1402 396 1464 Frustra
428 1399 639 1462 desudarunt
671 1399 789 1475 critici,
820 1400 878 1479 qui
911 1418 973 1482 pro
996 1411 1028 1463 et
1045 1399 1175 1483 gladiis
1197 1401 1405 1463 coniecerint

211 1535 243 1586 et
257 1521 396 1604 gaudiis
416 1519 470 1581 vel
489 1530 522 1582 et
535 1520 671 1602 gaudia.
698 1519 759 1580 Est
780 1519 871 1581 enim
887 1519 1016 1601 gladiis
1034 1521 1212 1585 annotatio
1234 1522 1405 1603 adscripta

213 1641 380 1705 vocabulo
401 1640 617 1713 mucronibus,
638 1659 725 1721 quae
746 1640 779 1701 in
799 1639 944 1702 alienam
963 1640 1133 1703 aberravit
1147 1642 1276 1715 sedem,
1291 1642 1405 1723 ibique

213 1761 451 1824 coniunctione
475 1772 507 1823 et
530 1758 813 1842 praecedentibus
839 1759 950 1821 verbis
974 1768 1026 1822 est
1050 1760 1273 1842 agglutinata.

259 1882 302 1944 H.
328 1881 389 1954 111,
419 1897 467 1962 19.
493 1880 555 1941 Per
575 1879 733 1941 tenebras
753 1880 863 1942 noctis
884 1879 1002 1943 urbem
1023 1878 1227 1943 Cremonam
1249 1882 1406 1963 diripien-

214 2006 293 2067 dam
326 2021 398 2064 esse
431 1999 555 2062 milites
586 2001 726 2081 quidam
754 2020 798 2061 ex
822 1999 987 2062 Flaviano
1012 1999 1161 2063 clamant
1184 2002 1349 2076 exercitu,
1374 2010 1407 2063 et

213 2122 287 2185 aliis
310 2123 360 2184 usi
384 2120 591 2202 argumentis
615 2127 649 2180 et
674 2118 755 2180 hoc:

264 2243 308 2322 ,si
340 2242 451 2304 lucem
483 2240 689 2321 operiantur,
721 2239 787 2300 iam
818 2258 948 2320 pacem,
974 2239 1040 2301 iam
1065 2260 1194 2320 preces,
1220 2250 1254 2302 et
1280 2262 1341 2323 pro
1365 2243 1409 2304 la·

217 2364 298 2425 bore
330 2382 369 2424 ac
401 2360 596 2423 vulneribus
628 2358 844 2422 clementiam
876 2366 911 2421 et
943 2358 1097 2440 gloriam,
1122 2361 1247 2435 inania,
1273 2361 1408 2434 laturos

216 2484 275 2545 sed
308 2501 390 2564 opes
415 2479 695 2544 Cremonensium
719 2479 752 2540 in
777 2479 850 2541 sinu
876 2477 1124 2560 praefectorum
1149 2478 1406 2561 legatorumque

215 2601 321 2665 lore.”

260 2721 370 2803 Quam
402 2720 537 2802 egregie
569 2718 661 2781 dieta
692 2716 776 2779 haec
806 2717 891 2790 sint,
924 2738 1026 2799 quam
1059 2718 1231 2800 praeclare
1263 2720 1405 2782 militum

216 2841 362 2903 reserant
384 2848 543 2911 mentem,
567 2837 714 2920 praedae
730 2836 932 2899 inhiantium
947 2837 1158 2918 ducibusque
1171 2839 1406 2913 invidentium,

216 2960 243 3021 si
276 2959 351 3041 quis
375 2957 479 3021 semel
504 2957 655 3030 senserit,
683 2976 750 3018 non
776 2955 860 3018 seret
885 2956 971 3019 ultra
992 2957 1207 3020 adiacentem
1233 2959 1286 3022 his
1311 2960 1407 3023 insul·

216 3080 381 3142 sissimam
414 3075 604 3158 magistelli,
637 3076 705 3157 qui,
739 3084 776 3137 ut
800 3077 847 3138 ita
871 3078 993 3151 dicam,
1018 3077 1092 3160 ipso
1118 3079 1210 3141 vocis
1234 3100 1270 3142 se
1296 3080 1406 3163 prodit

219 3219 314 3274 sona,
334 3195 665 3260 annotatiunculam:
688 3203 923 3276 ,expugnatae
936 3195 1027 3258 urbis
1040 3198 1203 3278 praedam
1217 3200 1261 3261 ad
1277 3199 1406 3273 milites,

221 3319 356 3383 deditae
382 3318 424 3379 ad
449 3318 552 3379 duces
576 3312 816 3396 pertinere’'²).
977 3310 981 3321 “

265 3438 309 3500 H.
336 3437 396 3499 IV.
423 3452 473 3497 22.
500 3433 615 3497 Civilis
638 3440 749 3496 castra
772 3433 1004 3497 Romanorum
1028 3446 1223 3519 oppugnat:

267 3555 391 3638 „Spem
412 3553 683 3636 obpugnantium
704 3552 850 3634 augebat
866 3553 1056 3636 amplitudo
1070 3555 1160 3630 valli,
1173 3559 1266 3639 quod
1280 3559 1406 3622 duabus

220 3676 409 3759 legionibus
434 3675 535 3736 situm
559 3672 618 3735 vix
641 3673 790 3752 quinque
811 3671 903 3734 milia
922 3682 1128 3737 armatorum
1150 3673 1405 3764 [Romanorum]

220 3792 435 3859 tuebantur.”

266 3917 425 3999 Ineptum
458 3913 547 3975 istud
571 3912 795 3974 Romanarum
820 3930 888 3973 non
913 3918 965 3972 est
989 3912 1022 3974 in
1046 3915 1222 3978 codicibus
1249 3919 1408 3997 „deterio-

264 4147 290 4213 1)
311 4149 381 4196 Ante
399 4148 476 4195 sellae
495 4147 522 4195 in
541 4145 632 4195 codice
650 4145 745 4208 legitur
760 4144 910 4193 coniunctio
925 4153 958 4210 rt,
974 4161 1061 4212 quam,
1077 4154 1105 4197 ut
1121 4149 1200 4199 totius
1217 4150 1268 4201 loci
1284 4158 1409 4201 constaret

225 4235 300 4299 ratio,
319 4250 369 4299 ego
388 4234 480 4283 exemi.

261 4321 288 4385 2)
316 4323 382 4369 Rem
408 4320 568 4369 verissimam
593 4317 836 4382 apertissimamque
855 4318 953 4381 primus
971 4321 1117 4371 mortalium
1137 4325 1271 4387 perspexit
1290 4340 1314 4373 v.
1333 4324 1357 4372 d.
1376 4323 1408 4372 H.

229 4408 265 4456 M.
286 4405 415 4470 Leopold,
433 4421 511 4469 quem
530 4412 591 4454 ante
610 4418 693 4468 pauco
724 4417 808 4451 annos
826 4403 983 4468 discipulum
1002 4407 1081 4456 habui
1098 4409 1268 4461 ariminum.
