3292 5280
796 362 854 422 188

271 544 314 623 (v.
339 541 442 604 libelli
465 542 612 635 citatiip.
637 545 676 623 3).
708 541 806 604 Nunc
826 541 892 604 alia
912 561 980 604 non
1002 541 1112 603 minus
1132 540 1278 623 insignia
1298 541 1422 604 addam

226 661 393 743 exempla.

271 782 310 844 In
343 781 490 845 Mediceo
521 802 602 863 ergo
630 782 747 864 priore
770 780 813 843 A.
840 780 884 857 V,
908 800 930 863 9
954 780 1019 843 hoc
1043 779 1228 843 habemus:
1256 781 1312 860 (ad
1339 800 1425 842 mor-

228 910 297 963 tem
323 900 487 983 agebatur
511 899 623 964 Seiani
649 900 752 963 filiola
775 901 863 963 adeo
888 900 1012 982 nescia)

276 1029 331 1100 ,ut
350 1020 470 1082 crebro
490 1022 723 1102 interrogaret,
742 1021 834 1102 quod
853 1020 898 1083 ob
916 1019 1079 1083 delictum
1093 1027 1127 1081 et
1141 1039 1211 1100 quo
1223 1017 1426 1094 traheretur,

232 1160 342 1220 neque
364 1140 527 1202 facturam
550 1140 636 1202 ultra
656 1148 690 1202 et
712 1160 810 1222 posse
830 1160 865 1202 se
880 1140 1061 1223 puerilimo
1081 1139 1223 1202 verbere
1245 1138 1425 1202 monerit.”

274 1258 393 1321 Errare
425 1260 583 1333 editores,
616 1260 673 1339 qui
704 1258 836 1340 syllaba
860 1279 912 1322 mo
935 1258 1081 1322 delenda
1105 1258 1139 1320 in
1162 1258 1335 1340 integrum
1361 1259 1424 1321 sibi

225 1377 337 1439 locum
359 1378 535 1441 restituere
558 1379 746 1452 videantur,
768 1379 802 1441 in
823 1399 875 1440 mo
895 1378 986 1441 enim
1007 1377 1112 1440 latere
1133 1377 1227 1440 modo
1244 1360 1316 1458 (ὦ),
1329 1380 1422 1460 quod

225 1496 306 1559 olim
327 1498 494 1561 vocabulo
515 1499 650 1561 verbere
669 1498 768 1561 luerit
787 1498 1000 1571 illustratum,
1021 1506 1122 1561 antea
1142 1499 1377 1560 demonstravi
1391 1497 1421 1579 ¹).

227 1616 402 1679 Habemus
437 1638 519 1699 ergo
554 1617 608 1680 hic
644 1618 855 1682 aberrantem
891 1618 994 1681 etiam
1030 1618 1301 1692 annotationem,
1335 1639 1422 1699 quae

227 1738 379 1799 nondum
403 1746 530 1800 certam
556 1739 590 1800 in
614 1747 711 1801 textu
735 1739 853 1800 sedem
873 1737 1051 1800 invenerit.
1073 1735 1107 1800 Si
1129 1756 1198 1799 non
1218 1737 1264 1799 ab
1285 1738 1423 1800 homine

226 1858 310 1932 rudi,
344 1859 403 1919 sed
437 1878 456 1919 a
486 1857 622 1920 librario
654 1859 854 1932 semidoct0,
887 1857 972 1919 liber
1000 1857 1055 1919 hic
1079 1856 1271 1939 descriptus
1296 1856 1422 1932 luisset,

227 1998 303 2040 cum
327 1977 423 2040 litera
448 1990 471 2052 t,
492 1999 590 2059 quae,
611 1999 629 2041 e
651 1977 882 2061 dittographia
904 1986 992 2052 nata,
1016 1977 1229 2040 nuncetiam
1255 1978 1424 2040 vocabulo

229 2098 356 2159 nzoneri
386 2097 559 2172 adhaeret,
592 2099 695 2160 etiam
727 2097 859 2179 syllaba
890 2118 942 2160 mo
974 2096 1090 2160 suisset
1123 2097 1258 2170 omissa,
1292 2117 1421 2179 nosque

227 2225 321 2278 certo
347 2217 560 2279 emblematis
584 2237 775 2280 careremus
798 2217 935 2279 indicio.

270 2336 313 2398 Α.
337 2336 397 2411 ΙΙΙ,
424 2353 471 2398 12.
497 2337 554 2416 ,ld
576 2335 706 2399 solum’'
722 2336 860 2417 (Tiberii
880 2345 959 2399 sunt
979 2336 1094 2410 verba,
1114 2336 1238 2418 quibus
1251 2337 1294 2399 de
1309 2346 1417 2399 morte

226 2455 417 2518 Germanici
453 2476 489 2518 se
525 2457 739 2538 cogniturum
777 2457 890 2538 negat)
930 2456 1152 2536 ,Germanico
1189 2477 1292 2539 super
1326 2457 1417 2539 leges

225 2576 501 2659 praestiterimus,
534 2577 626 2658 quod
656 2578 689 2639 in
714 2577 805 2639 curia
830 2578 1068 2659 potiusquam
1093 2577 1126 2640 in
1151 2576 1234 2651 loro,
1261 2586 1345 2659 aput
1368 2597 1415 2638 se·

224 2705 340 2759 natum
365 2715 467 2777 quam
491 2705 573 2778 aput
599 2696 736 2771 iudices,
762 2697 805 2758 de
829 2704 937 2758 morte
962 2697 1033 2758 eius
1056 2696 1278 2778 anquiritur.”

269 2816 441 2878 Haeccine
463 2816 495 2878 in
517 2815 638 2877 Tacito
659 2815 794 2877 tolerari
815 2816 929 2889 etiam,
952 2835 1062 2897 neque
1083 2836 1292 2897 quemquam
1305 2817 1415 2880 adhuc

223 2936 455 2998 observavisse
477 2935 528 2998 bis
548 2936 638 2997 idem
660 2935 714 2997 hie
736 2936 812 3009 dici,
834 2935 939 2998 semel
958 2957 979 2999 a
999 2936 1120 2999 Tacito
1141 2937 1188 3018 (in
1201 2940 1298 3001 curia
1305 2940 1415 3021 potius

221 3078 320 3137 quam
341 3057 374 3118 in
389 3057 496 3138 foro),
518 3054 621 3117 semel
643 3076 662 3118 a
683 3055 917 3137 ludimagistro
938 3056 1032 3138 (aput
1049 3068 1198 3120 senatum
1219 3079 1320 3139 quam
1336 3071 1416 3142 aput

222 3177 372 3256 iudicesll
410 3175 459 3237 At
480 3196 514 3236 re
535 3175 715 3237 observata
735 3174 833 3236 simul
855 3175 1034 3237 manifesto
1054 3183 1211 3237 tenemus
1231 3176 1413 3252 librarium,

223 3316 284 3377 pro
305 3295 414 3357 Taciti
430 3295 540 3357 verbis
554 3294 716 3376 puerilem
730 3293 825 3356 scioli
838 3294 1075 3357 venditantem
1088 3297 1412 3361 annotatiunculam.

223 3414 276 3477 Ne
308 3414 450 3476 latinum
481 3414 620 3495 quidem
653 3414 743 3475 istud
775 3424 857 3496 aput
886 3425 1034 3477 senatum
1065 3435 1165 3496 quam
1189 3428 1276 3499 aput
1295 3418 1414 3481 iudices

223 3535 359 3615 (omisso
383 3533 546 3596 adverbio
564 3534 688 3617 potius)
712 3552 784 3594 esse
809 3533 952 3595 videtur.

268 3654 310 3727 ll,
337 3656 388 3716 81.
417 3653 576 3733 ,Interim
601 3653 677 3714 Piso
702 3652 843 3714 classem
868 3652 957 3715 haud
984 3653 1100 3734 procul
1121 3655 1335 3735 operientem
1356 3657 1411 3718 ad·

223 3794 372 3856 pugnare
405 3773 526 3835 lrustra
550 3773 749 3854 temptavit3
775 3792 1012 3854 regressusque
1037 3781 1071 3834 et
1096 3793 1157 3855 pro
1182 3777 1285 3836 muris
1310 3777 1410 3838 modo

222 3902 329 3956 semet
350 3893 555 3967 afflictandO,
577 3893 680 3954 modo
699 3891 849 3973 singulos
862 3892 998 3954 nomine
1011 3893 1104 3954 ciens
1117 3894 1275 3974 praemiis
1288 3915 1410 3957 vocans

222 4014 424 4077 seditionem
444 4012 639 4094 coeptabat,
658 4013 814 4093 adeoque
827 4021 1060 4075 commoverat
1072 4021 1110 4074 ut
1122 4013 1260 4095 signifer
1272 4014 1410 4097 legionis

223 4153 350 4196 vocans
373 4141 490 4195 sextae
515 4134 715 4215 signumad
741 4153 818 4195 eum
843 4131 1083 4196 transtulerit.”

259 4382 285 4448 1)
304 4379 402 4432 Muem.
423 4384 512 4432 XXIX
532 4400 558 4448 p.
578 4381 638 4432 280.
