3210 5274
775 412 834 476 24¹

254 568 370 633 Palam
402 581 454 635 est
485 572 539 636 hic
570 575 643 637 vitii
674 574 780 638 latere
811 575 956 657 aliquid;
982 575 1108 638 etenim
1131 576 1296 639 Romanor
1319 595 1402 650 esse,

207 689 267 770 qui
299 689 354 753 hic
385 712 548 775 prospere
580 703 728 758 certasse
757 696 924 768 dicuntur,
950 694 1165 758 manifestum
1189 694 1228 756 iit
1251 695 1290 757 iis
1313 714 1401 776 quae

206 818 413 890 sequuntur:
447 812 527 892 „sed
557 812 653 876 miles
684 814 841 876 secundis
871 814 1089 895 adversisque
1121 814 1261 896 perinde
1286 813 1320 875 in
1345 833 1402 876 ex·

206 927 306 991 itium
341 931 467 994 ducum
502 932 786 996 accendebatur.”
823 932 944 1014 Neque
979 933 1081 995 ullam
1113 953 1192 1015 prae
1224 953 1260 995 se
1292 932 1403 995 lerunt

207 1049 279 1110 veri
303 1050 455 1131 speciem
478 1053 694 1115 coniecturae
718 1072 846 1126 eorum,
871 1054 928 1134 qui
953 1072 1015 1134 pro
1028 1062 1189 1133 prospere
1207 1060 1403 1134 proponunt

206 1167 421 1252 improspere,
443 1171 496 1233 vel
517 1179 595 1253 post
615 1192 692 1235 mox
715 1171 889 1251 „vocula”
909 1180 967 1234 aut
986 1179 1066 1234 ante
1078 1183 1239 1254 prospere
1251 1172 1402 1234 inserunt

209 1287 440 1366 ,Romanus”.
472 1288 611 1372 Quanto
643 1291 845 1373 prudentius
869 1291 1055 1354 Urlichsius
1078 1299 1189 1353 toturn
1213 1291 1322 1354 istud:
1349 1289 1403 1354 Ci-

205 1407 286 1470 vilis
308 1411 399 1494 capit
422 1408 604 1473 Geldubam
630 1412 837 1493 proscripsit.
861 1409 918 1475 Sic
941 1412 1032 1473 enirn
1052 1420 1133 1493 apte
1153 1419 1228 1473 tota
1247 1411 1403 1493 procedit

206 1529 367 1602 narratio,
388 1537 422 1591 et
442 1528 627 1611 aliquando
647 1531 681 1592 in
703 1532 854 1612 margine
875 1529 955 1592 illud
979 1529 1097 1594 Civilis
1116 1531 1205 1612 capit
1222 1528 1402 1593 Geldubam

206 1645 308 1709 luisse
339 1657 541 1712 annotatum
573 1651 760 1713 admodum
791 1659 843 1712 est
867 1648 1057 1712 verisimile.
1086 1648 1141 1713 Sic
1165 1649 1256 1711 enim
1280 1646 1403 1710 sciolus

205 1764 329 1846 aliquis
352 1766 524 1850 explicare
548 1778 692 1832 conatus
714 1778 777 1845 est,
801 1770 858 1852 qui
882 1769 1008 1832 lactum
1032 1770 1076 1830 sit
1099 1776 1137 1831 ut
1159 1768 1303 1849 primum
1325 1766 1402 1830 Gel-

205 1884 347 1961 dubam,
378 1887 505 1950 deinde
536 1888 745 1952 Novaesium
776 1889 981 1952 concederet
1004 1886 1147 1950 Vocula.
1173 1885 1402 1950 Sententiolas

204 2013 322 2067 autem
359 2007 507 2070 minutas
542 2006 634 2070 illas:
677 2008 824 2086 ‚Iterum
861 2006 976 2069 Civilis
1011 2006 1140 2068 Vetera
1174 2005 1401 2068 circumsedit.

206 2121 342 2187 Vocula
373 2124 567 2189 Geldubam
598 2135 703 2207 atque
735 2126 814 2188 inde
846 2124 1053 2187 Novaesium
1085 2124 1262 2186 concessit.
1287 2121 1403 2185 Civilis

204 2244 300 2326 capit
330 2243 548 2308 Geldubam”
578 2245 842 2326 haudquaquam
874 2264 947 2306 esse
978 2244 1140 2306 orationis
1163 2242 1323 2305 Taciteae
1347 2241 1401 2305 vel

203 2381 304 2425 aures
326 2364 527 2426 admonent.

250 2481 416 2545 Eiusdem
448 2483 583 2564 generis
612 2483 896 2556 additamentum,
928 2483 988 2544 sed
1021 2481 1195 2562 aliquanto
1225 2481 1328 2542 etiam
1353 2481 1402 2542 in·

203 2601 329 2682 eptius,
360 2602 652 2684 deprehendimus
681 2622 711 2664 c.
740 2602 783 2683 67
814 2602 848 2662 in
880 2601 1072 2664 narratione
1103 2600 1146 2661 de
1179 2599 1253 2662 lulii
1285 2598 1402 2664 Sabini

202 2718 372 2801 Lingonis
395 2720 606 2783 delectione:

251 2836 410 2917 ‚Interea
440 2838 545 2902 Iulius
575 2838 722 2902 Sabinus
752 2837 913 2921 proiectis
943 2837 1089 2899 foederis
1113 2836 1258 2900 Romani
1283 2858 1403 2901 monu-

204 2959 330 3021 mentis
353 2957 536 3021 Caesarem
559 2979 596 3020 se
618 2958 755 3020 salutari
775 2957 871 3020 iubet
890 2974 1117 3037 magnamque
1136 2964 1172 3017 et
1192 2956 1402 3019 inconditam

203 3076 421 3157 popularium
442 3077 579 3139 turbam
598 3077 633 3139 in
653 3076 830 3158 Sequanos
851 3075 948 3157 rapit,
968 3075 1214 3136 conterminam
1228 3075 1402 3136 civitatem

202 3200 237 3254 et
260 3194 360 3256 nobis
379 3193 495 3257 fidam.
520 3195 594 3257 Nec
615 3194 764 3276 Sequani
784 3196 1019 3256 detrectavere
1039 3202 1222 3256 certamen.
1250 3192 1403 3255 Fortuna

202 3311 404 3374 melioribus
433 3313 558 3376 adluit:
590 3312 737 3376 Sabinus
767 3312 962 3375 festinatum
986 3320 1115 3374 temere
1139 3309 1305 3393 proelium
1330 3311 1403 3393 pari

202 3428 388 3494 formidine
410 3431 595 3495 deseruit”

249 3550 412 3613 Potuitne
435 3551 490 3614 vel
515 3550 704 3631 elegantius
727 3550 781 3612 vel
805 3550 913 3630 magis
936 3549 1114 3631 perspicue
1137 3547 1318 3631 significari
1337 3547 1403 3610 utri

203 3669 238 3730 in
262 3689 305 3731 eo
329 3672 519 3733 certamine
543 3671 697 3742 vicerint,
720 3669 786 3730 utri
809 3670 876 3729 sint
901 3665 1092 3748 profligati?
1120 3667 1272 3730 Fortuna
1295 3666 1404 3730 melio·

202 3788 298 3851 ribus
320 3790 449 3871 adsuit.
475 3788 600 3850 Nonne
623 3787 758 3868 egregie
782 3787 981 3867 scriptorem
1007 3785 1198 3847 Romanum
1225 3787 1325 3848 decet
1346 3786 1404 3849 illo

203 3907 397 3969 melroribrrs
427 3927 487 3969 eos
517 3908 708 3987 designare,
735 3907 792 3986 qui
821 3925 843 3967 a
871 3903 1023 3985 partibus
1050 3905 1206 3965 steterint
1232 3904 1404 3966 Romano

203 4045 288 4098 rum,
313 4035 421 4106 atque
443 4026 492 4087 sic
516 4024 593 4087 illos
611 4034 730 4086 notare
750 4022 887 4085 infamia
906 4023 963 4102 qui
990 4021 1092 4083 fidem
1117 4022 1405 4085 detrectaverint?

206 4143 330 4208 Nonne
361 4164 467 4207 omne
497 4145 664 4206 enuntiati
695 4162 838 4205 acumen
862 4151 965 4221 atque
989 4143 1101 4203 omnis
1120 4153 1281 4205 uenustas
1304 4144 1406 4224 perit,

204 4263 231 4323 si
261 4273 444 4344 praeterea
473 4262 529 4324 vel
560 4263 708 4323 victores
739 4260 792 4320 sel
829 4259 907 4320 victi
939 4280 998 4320 ruo
1027 4262 1155 4321 nomine
1190 4259 1407 4322 indicantur?

208 4379 280 4442 lure
299 4401 385 4462 ergo
404 4390 523 4441 nostro
546 4381 778 4461 importunum
804 4379 1144 4456 interpretamentum
1150 4382 1229 4462 surr
1244 4379 1407 4462 Lrngotur

1229 4500 1262 4549 ro
