3210 5274
776 411 822 474 49

201 578 441 652 argumentum
473 570 542 633 vim
552 597 559 646 ς
595 590 672 632 nam
704 570 730 632 si
762 591 850 634 vana
881 577 970 644 sunt,
1002 570 1036 632 id
1068 578 1120 632 est
1144 569 1267 633 nullius
1283 571 1400 654 pretii,

200 697 313 752 castra
336 688 401 762 illa,
428 708 470 750 ne
494 708 548 750 res
572 689 712 770 quidem
736 709 756 751 a
781 688 887 751 Civile
911 697 1027 771 gestae
1053 689 1165 770 magni
1190 698 1268 752 sunt
1288 689 1400 771 pretii,

202 827 314 889 neque
347 808 533 889 quidquam
566 809 609 870 de
642 807 753 871 futuro
782 809 986 890 promittunt
1011 807 1117 870 bello:
1144 818 1285 891 possunt
1309 810 1399 871 enim

200 926 287 989 aliae
323 946 343 987 a
380 926 544 989 Romanis
576 927 664 988 mitti
697 927 816 1008 copiae
849 925 955 989 multo
986 926 1194 989 robustiores
1225 926 1400 1009 multoque

200 1045 376 1108 timendae
399 1045 515 1125 magis.
537 1044 597 1119 At,
619 1045 652 1107 id
674 1046 765 1128 quod
787 1039 888 1128 plane
908 1046 979 1107 eius
999 1055 1139 1108 naturae
1158 1046 1401 1109 convenienter

202 1163 252 1239 fit,
277 1165 326 1227 ira
351 1183 411 1225 sua
435 1172 470 1225 et
494 1163 620 1226 ferocia
644 1163 759 1227 Civilis
782 1165 957 1246 abripitur.

249 1283 294 1346 Et
319 1284 442 1347 eodem
467 1284 609 1347 sortasse
635 1286 738 1348 modo
762 1285 999 1366 accipiendum
1021 1293 1073 1347 est
1093 1285 1184 1367 quod
1208 1284 1250 1347 A.
1265 1284 1401 1365 x11,44

202 1403 342 1488 legitur:
1023 1395 1026 1398 ’

253 1521 356 1602 „Erat
388 1522 624 1586 Pharasmanis
657 1522 743 1586 filius
775 1523 1003 1598 Radamistus,
1036 1524 1161 1586 decora
1185 1523 1400 1604 proceritate,

202 1642 237 1703 vi
269 1643 421 1723 corporis
453 1642 592 1723 insignis
624 1652 659 1705 et
691 1644 817 1724 patrias
840 1651 930 1706 artes
954 1644 1106 1717 edoctus,
1132 1642 1289 1725 claraque
1314 1642 1402 1704 inter

201 1759 338 1822 accolas
369 1760 468 1823 sama.
500 1761 533 1824 Is
565 1762 736 1824 modicum
769 1762 930 1825 Hiberiae
962 1782 1103 1844 regnum
1134 1769 1272 1825 senecta
1297 1763 1401 1844 patris

201 1879 348 1943 detineri
384 1880 528 1943 ferocius
562 1880 779 1963 crebriusque
815 1882 965 1945 iactabat
1000 1902 1102 1964 quam
1137 1891 1175 1944 ut
1205 1881 1400 1963 cupidinem

201 1998 424 2062 occultaret”.

249 2116 284 2182 Si
309 2138 425 2181 veram
450 2118 627 2181 hominum
652 2118 861 2182 hereditates
884 2121 1120 2202 appetentium
1145 2118 1331 2202 „logicam”
1351 2139 1401 2182 se·

202 2247 302 2301 cutus
325 2248 416 2302 esset
440 2238 669 2313 Radamistus
693 2239 792 2302 aliter
815 2248 903 2302 esset
927 2239 1070 2302 locutus.
1095 2240 1183 2302 Nam
1204 2259 1273 2322 quo
1293 2240 1402 2301 maior

202 2356 377 2420 hereditas
400 2367 451 2421 est
476 2378 517 2421 eo
541 2359 677 2440 gravius
701 2358 787 2421 serre
808 2359 1053 2442 heredipetam,
1073 2360 1165 2441 quod
1187 2360 1230 2422 ad
1249 2368 1402 2441 speratas

203 2498 289 2559 opes
319 2479 498 2559 pervenire
531 2499 599 2542 non
624 2479 741 2562 possit,
766 2489 1033 2543 consentaneum
1057 2487 1118 2541 est.
1144 2478 1193 2542 Ci.
1220 2478 1315 2552 XIV,
1340 2478 1401 2557 65:

206 2615 363 2676 „veneno
396 2596 603 2658 interfecisse
628 2597 744 2678 (Nero)
770 2599 918 2661 creditus
942 2606 1060 2660 est...
1085 2597 1284 2671 Pallantem,
1309 2595 1401 2677 quod

203 2716 399 2779 immensam
436 2716 615 2796 pecuniam
650 2715 752 2796 longa
782 2724 920 2778 senecta
952 2715 1153 2778 detineret'’.
1185 2714 1235 2777 At
1267 2713 1401 2794 egregie

204 2835 315 2916 ipsam
337 2835 391 2896 hic
412 2843 566 2897 naturam
587 2835 742 2916 depingit
763 2835 917 2911 l'acitus;
940 2844 1140 2917 querentem
1160 2835 1251 2896 enim
1271 2833 1402 2896 adoles·

204 2953 379 3016 centulum
412 2953 529 3014 audire
561 2952 661 3015 nobis
692 2954 863 3017 videmur:
900 2974 961 3033 „en
994 2973 1058 3034 ego
1082 2973 1184 3034 quam
1209 2952 1305 3014 sortis
1328 2953 1401 3026 sim,

204 3092 310 3154 quam
334 3072 477 3153 cupidus
500 3071 628 3153 gloriae
652 3072 810 3153 bellique,
837 3092 1008 3155 quamque
1032 3073 1076 3153 sit
1099 3073 1271 3134 modicum
1298 3071 1402 3135 Hibe·

204 3192 274 3254 riae
307 3209 467 3272 regnum:
499 3200 615 3253 tamen
647 3212 690 3254 ne
721 3192 765 3253 ad
797 3190 878 3255 illud
904 3190 1043 3273 quidem
1066 3191 1230 3253 accedere
1255 3210 1402 3272 possum,

206 3320 305 3393 pater
329 3310 543 3392 grandaevus
567 3311 703 3392 iamque
727 3311 921 3393 decrepitus
941 3309 1107 3374 obtinet'’.
1130 3309 1352 3390 Respondere
1373 3309 1403 3370 ei

205 3436 344 3512 poterat
368 3428 419 3491 vir
442 3429 656 3511 disceptandi
683 3430 827 3511 peritus:
857 3431 902 3508 „si
928 3430 1109 3502 modicum,
1134 3429 1161 3488 si
1186 3447 1328 3509 parvum
1353 3435 1404 3488 est

206 3547 288 3612 illud
311 3567 464 3628 regnum,
486 3556 618 3629 patrem
638 3555 734 3610 tuum
755 3547 836 3611 illud
857 3547 1012 3611 obtinere
1025 3566 1135 3628 aequo
1149 3554 1265 3626 patere
1278 3545 1404 3619 animo,

206 3675 327 3748 aptum
359 3675 411 3728 est
441 3666 590 3730 humeris
620 3667 691 3729 eius
723 3687 825 3742 onus;
856 3676 892 3729 tu
917 3667 1031 3749 potius
1055 3665 1134 3727 alibi
1160 3665 1247 3726 vires
1271 3684 1404 3739 exerce,

207 3785 380 3867 digniores
410 3794 445 3848 te
477 3785 612 3849 labores
642 3785 896 3868 circumspice”.
930 3783 998 3848 Sed
1030 3784 1111 3866 quid
1140 3783 1285 3864 logicam
1310 3792 1405 3845 curat

208 3922 381 3966 morarum
406 3904 587 3986 impatiens
611 3902 762 3967 iuvenis?
783 3901 804 3985 ¹)

252 4021 424 4103 Denique,
448 4041 655 4104 quamquam
680 4041 747 4085 non
772 4021 872 4103 plane
893 4041 937 4082 ex
956 4022 1078 4084 eodem
1099 4029 1151 4082 est
1169 4040 1304 4101 genere,
1325 4028 1405 4102 apte

249 4311 274 4376 ι)
294 4310 435 4359 Furneaux
454 4323 561 4374 quoque
578 4307 659 4358 sensit
675 4323 731 4357 esse
748 4307 776 4356 in
791 4307 842 4357 hoc
857 4306 916 4356 loco
932 4307 1032 4357 insoliti
1046 4307 1157 4374 aliquid,
1172 4307 1219 4356 sed
1233 4306 1299 4356 illud
1315 4307 1408 4356 frustra

212 4394 301 4446 tollere
320 4403 438 4445 conatur.

1247 4507 1265 4555 4
