3210 5274
469 1319 793 1394 CONSPECTUS
821 1320 1054 1396 CAPITUM.

160 1843 301 1903 CAPUT
382 1845 405 1905 I.
433 1845 481 1903 De
505 1841 614 1903 Tacito
641 1841 792 1901 Plutarchi
816 1841 848 1900 in
867 1840 936 1900 vitis
955 1842 1070 1901 Galbae
1090 1853 1121 1902 et
1142 1843 1273 1903 Othonis
1301 1777 1358 1829 Pii·

482 1955 565 2012 sonte
614 1997 1272 2016 ..............
1337 1976 1350 2016 r

161 2065 302 2124 CAPUT
364 2066 404 2125 II.
432 2063 633 2123 Continuatur
652 2062 759 2140 capitis
778 2065 792 2121 Ι
811 2074 1022 2140 argumentum
1065 2109 1270 2127 .....
1333 2070 1351 2126 6

160 2175 301 2235 CAPUT
348 2177 403 2234 IlI.
430 2176 478 2234 De
497 2174 605 2234 Tacito
624 2173 766 2234 historico
814 2220 1271 2238 ..........
1316 2198 1350 2236 12

160 2285 301 2345 CAPUT
353 2287 407 2347 IV.
434 2288 482 2345 De
507 2285 582 2346 locis
604 2284 703 2344 Taciti
727 2296 848 2362 propter
867 2304 961 2344 unum
980 2285 1160 2344 vocabulum
1180 2288 1270 2346 salsae

480 2395 719 2473 interpretationi
739 2395 878 2455 obnoxiis
913 2441 1269 2457 ........
1313 2417 1347 2457 ar

159 2508 300 2567 CAPUT
367 2509 405 2566 V.
432 2508 480 2566 De
489 2505 589 2566 Taciti
606 2505 827 2566 narrationibus
838 2505 972 2565 obscuris
982 2505 1270 2584 incredibilibusque
1312 2527 1350 2584 30

158 2618 299 2677 CAPUT
349 2620 404 2678 VI.
431 2616 633 2677 Continuatur
653 2616 760 2693 capitis
779 2619 826 2675 Ill
845 2627 1056 2692 argumentum
1063 2662 1270 2678 .....
1311 2638 1351 2691 40

157 2730 299 2789 CAPUT
335 2730 405 2788 VII.
433 2730 480 2787 De
506 2726 700 2804 popularibus
718 2726 898 2804 quibusdam
917 2726 1060 2804 loquendi
1080 2726 1160 2786 vitiis
1179 2727 1270 2787 etiam

477 2839 559 2915 apud
578 2836 718 2897 Tacitum
739 2836 836 2896 obviis
864 2882 1271 2901 .........
1312 2842 1351 2912 48

158 2949 299 3009 CAPUT
317 2951 405 3007 VIII.
432 2950 480 3008 De
498 2947 599 3007 Taciti
618 2946 774 3007 codicibus
794 2946 1074 3007 observatiunculae
1113 2996 1119 3008 .
1163 2994 1170 3009 .
1213 2995 1220 3009 .
1263 2995 1270 3009 .
1314 2969 1350 3029 55

158 3058 299 3119 CAPUT
350 3062 404 3120 IX.
431 3060 478 3118 De
507 3057 660 3118 vocabulis
689 3055 869 3134 quibusdam
902 3058 983 3133 apud
1010 3057 1151 3117 Tacitum
1179 3061 1269 3136 vulgo

479 3170 557 3228 male
576 3165 735 3228 intellectis
761 3211 1269 3231 ...........
1311 3174 1349 3230 66

156 3280 298 3340 CAPUT
368 3282 405 3339 X.
433 3280 480 3338 De
509 3280 643 3337 locorum
673 3278 862 3355 quorundam
890 3275 1134 3336 distinctionibus
1169 3297 1270 3340 emen-

476 3388 585 3448 dandis
609 3432 1267 3450 ..............
1310 3394 1347 3468 85

156 3499 297 3561 CAPUT
349 3502 402 3560 XI.
428 3500 475 3558 De
501 3498 576 3559 locis
601 3498 697 3558 varias
724 3499 763 3558 ob
791 3517 896 3557 causas
921 3499 1011 3557 salsae
1031 3499 1268 3576 interpretationi

455 3607 595 3668 obnoxiis
611 3653 1267 3672 ..............
1309 3633 1346 3690 93

155 3720 296 3781 CAPUT
333 3722 403 3780 XII.
430 3722 478 3780 De
495 3719 594 3780 Taciti
612 3719 833 3779 narrationibus
849 3719 992 3792 obscuris,
1010 3720 1143 3794 turbatis,
1161 3722 1267 3800 imper-

474 3830 560 3891 fectis
607 3875 1265 3894 ..............
1291 3856 1346 3895 110

153 3938 295 4001 CAPUT
314 3942 401 3999 XIII.
427 3942 474 4000 De
494 3939 593 4000 Taciti
612 3940 730 4000 rhetore
749 3940 847 4015 deque
866 3939 930 4000 eius
949 3941 1026 4013 „fide
1045 3940 1215 4003 historica’'.
1258 3992 1264 4004 .
1290 3964 1346 4021 130

152 4051 293 4112 CAPUT
314 4053 398 4112 XIV.
426 4053 476 4112 Ad
508 4071 560 4111 sex
592 4051 704 4128 priores
737 4049 902 4110 Annalium
930 4049 1023 4111 libros
1055 4052 1266 4113 annotationes

473 4161 573 4222 variae
606 4207 1263 4224 ..............
1290 4168 1343 4224 162

151 4273 423 4335 EPIMETRUM:
455 4274 575 4333 Constat
592 4283 622 4331 et
640 4275 715 4331 satis
734 4280 847 4331 constat
865 4290 933 4329 cum
954 4270 1103 4331 infinitivo
1123 4272 1264 4334 coniunc-

473 4382 573 4443 tivove
592 4382 745 4459 praeteriti
756 4427 1262 4447 ...........
1288 4390 1342 4463 ¹⁸3
