3292 5280
797 429 855 509 163

268 605 313 668 A.
335 606 361 681 I,
381 606 413 668 6.
438 605 632 688 „Agrippae
650 615 794 669 mortem
807 607 850 669 ab
865 606 939 687 ipso
952 606 1110 688 Augusto
1123 607 1246 669 iussam
1261 607 1421 669 Tiberius

223 724 418 788 simulavit”
442 724 581 788 Tacitus
604 727 661 801 ait,
688 736 761 789 tum
785 728 832 789 sic
857 727 985 808 pergit:

272 846 402 926 „Multa
414 847 486 908 sine
499 846 604 909 dubio
616 866 786 928 saevaque
798 846 973 928 Augustus
983 848 1025 909 de
1035 847 1184 909 moribus
1193 847 1421 910 adulescentis

224 974 374 1047 questus,
396 974 432 1029 ut
453 965 591 1029 exilium
613 967 683 1028 eius
703 967 997 1029 senatusconsulto
1014 969 1200 1029 sanciretur
1216 966 1419 1049 perfecerat:

224 1093 375 1148 ceterum
411 1086 444 1147 in
472 1085 602 1148 ,nullius
633 1107 782 1168 unquam
814 1107 950 1149 suorum
983 1107 1101 1150 necem
1134 1088 1278 1161 duravit,
1311 1108 1420 1169 neque

224 1214 371 1267 mortem
392 1205 509 1287 nepoti
530 1225 592 1287 pro
612 1207 794 1268 securitate
815 1206 959 1288 privigni
981 1206 1120 1268 inlatam
1137 1205 1298 1269 credibile
1316 1205 1421 1269 erat.'’

270 1324 439 1388 Ultimum
475 1326 678 1388 vocabulum
713 1324 789 1389 era‘t
823 1335 1019 1408 corruptum
1051 1347 1123 1389 esse
1156 1326 1236 1389 mihi
1269 1336 1403 1389 constat
1413 1352 1420 1401 ;

224 1465 344 1508 sanum
376 1445 561 1519 crederem,
589 1446 615 1507 si
641 1445 695 1508 hic
720 1444 923 1508 referrentur
946 1455 1156 1529 argumenta,
1181 1447 1304 1527 quibus
1327 1447 1420 1509 ducti

223 1575 390 1627 senatores
414 1564 541 1627 Tiberii
566 1565 609 1626 de
633 1565 738 1646 patris
763 1566 859 1627 iussis
883 1567 1062 1629 mendacio
1084 1566 1185 1629 fidem
1208 1588 1275 1629 non
1296 1566 1421 1630 habue-

224 1684 302 1745 rint.
326 1682 375 1745 At
400 1702 489 1745 nunc
512 1683 580 1766 ipse
599 1703 705 1746 secum
727 1683 880 1765 disputat
900 1683 1039 1746 Tacitus
1060 1693 1094 1746 et
1116 1685 1261 1766 primum
1282 1687 1419 1767 quidem

223 1802 367 1865 concedit
396 1802 534 1882 aliquid,
565 1822 634 1883 quo
667 1803 710 1864 ad
744 1810 875 1884 patrem
907 1802 1170 1875 insimulandum
1200 1805 1247 1865 uti
1273 1806 1422 1886 potuerit

221 1920 381 1983 Tiberius
403 1920 604 2001 (concedendi
623 1922 712 1983 enim
733 1922 800 1983 vim
814 1921 895 1984 illud
913 1923 1002 2001 ,sine
1016 1923 1142 1985 dubio''
1156 1923 1282 2002 habet),
1297 1925 1421 1988 deinde

224 2040 296 2122 ipse
317 2041 408 2102 idem
429 2038 508 2102 illud
532 2039 680 2103 infirmat
701 2041 763 2102 hac
784 2041 1039 2104 observatione:
1064 2052 1234 2120 „ceterum
1254 2044 1286 2104 in
1302 2043 1422 2105 nullius

212 2146 374 2241 'unquam
412 2177 530 2220 necem
563 2158 732 2221 duravit.''
765 2160 940 2222 Postremo
972 2180 1041 2241 quo
1072 2161 1144 2242 ipse
1176 2161 1421 2223 deliberatione

226 2277 282 2340 illa
306 2278 450 2340 ducatur
474 2279 521 2340 sic
546 2280 705 2359 exponit:
735 2281 891 2360 „propius
915 2300 996 2341 vero
1020 2279 1195 2342 Tiberium
1216 2300 1254 2342 ac
1275 2280 1420 2354 Liviam,

225 2396 318 2459 illum
343 2407 447 2472 metu,
471 2397 557 2459 hanc
584 2398 818 2460 novercalibus
842 2399 929 2460 odiis
949 2400 1096 2480 suspecti
1119 2409 1153 2460 et
1174 2400 1270 2461 invisi
1292 2386 1434 2461 iuvenis¹

225 2517 366 2580 caedem
390 2516 634 2579 festinavisse.”
659 2516 758 2592 Satis,
785 2527 820 2579 ut
843 2518 975 2599 opinor,
998 2538 1085 2580 nunc
1106 2528 1248 2600 apparet
1269 2532 1344 2582 erat
1364 2528 1421 2580 aut

226 2636 454 2699 omittendum
480 2644 537 2699 aut
557 2656 619 2718 pro
641 2656 681 2698 eo
702 2648 750 2699 est
768 2636 949 2717 legendum
971 2657 1054 2699 esse.
1078 2637 1165 2700 Nam
1187 2659 1288 2719 quem
1309 2639 1420 2701 locum

226 2755 280 2818 hic
303 2754 402 2817 affert
427 2755 609 2818 Furneaux
633 2775 661 2817 c.
689 2770 747 2836 53:

229 2874 391 2954 ,litterae
423 2893 506 2956 quas
538 2874 621 2936 Iulia
645 2876 734 2956 patri
762 2874 918 2955 Augusto
943 2895 1019 2938 cum
1044 2878 1266 2939 insectatione
1292 2878 1419 2940 Tiberii

225 2994 369 3076 scripsit,
393 3013 413 3055 a
437 2992 592 3056 Graccho
616 2995 826 3076 compositae
851 2995 1097 3057 credebantur”

226 3113 297 3175 eius
321 3120 392 3174 tam
417 3111 551 3174 diversa
573 3120 626 3174 est
648 3113 789 3188 indoles,
812 3115 901 3175 utin
922 3135 963 3176 eo
985 3135 1051 3177 non
1073 3117 1302 3196 spernendum
1325 3138 1419 3180 meae

227 3231 442 3294 coniecturae
469 3231 577 3293 inesse
602 3231 851 3294 firmamentum
874 3253 1076 3315 persuasum¹
1097 3235 1178 3296 mihi
1203 3235 1254 3296 sit.
1288 3235 1420 3310 Altero,

227 3351 269 3413 ad
294 3370 398 3432 quem
421 3350 512 3413 idem
536 3371 567 3413 v.
593 3351 625 3414 d.
650 3360 825 3433 provocat,
853 3352 913 3426 IV,
940 3370 997 3434 74:

275 3470 376 3549 „satis
407 3470 586 3533 constabat
616 3479 750 3533 auctam
783 3471 813 3532 ei
847 3469 995 3551 (Seiano)
1026 3473 1255 3553 arrogantiam
1284 3473 1420 3535 foedum

227 3588 309 3652 illud
334 3588 367 3650 in
393 3587 574 3670 propatulo
598 3590 772 3651 servitium
796 3589 987 3671 spectanti’'

272 3727 336 3790 pro
355 3707 523 3772 constabat
539 3707 721 3791 legendum
742 3728 815 3770 esse
835 3721 961 3772 constat
980 3729 1061 3771 mox
1076 3712 1308 3774 demonstrare
1322 3733 1421 3775 cona·

227 3829 300 3903 bor,
326 3828 431 3910 idque
455 3837 667 3910 argument0,
693 3838 729 3891 ut
754 3829 834 3891 mihi
859 3830 998 3911 quidem
1025 3830 1168 3905 videtur,
1195 3833 1392 3894 certissimo

272 3946 316 4009 A.
350 3947 375 4022 I,
407 3964 438 4030 7.
472 3947 520 4011 Ut
552 3957 716 4031 appareat
748 3957 858 4010 astute
896 3948 1015 4011 callide
1052 3948 1281 4012 fraudulenter
1316 3953 1422 4033 egisse

228 4066 482 4148 mendaciisque
506 4086 602 4130 usum
628 4067 811 4141 Tiberium,
837 4088 912 4129 cum
934 4069 1047 4130 omnia
1067 4069 1113 4130 sic
1134 4079 1249 4149 ageret
1270 4070 1423 4152 loquere-

226 4192 350 4267 turque
381 4194 556 4267 tamquam
589 4186 616 4247 si
647 4187 690 4248 de
722 4207 758 4248 se
790 4187 994 4268 imperatore
1026 4208 1135 4268 neque
1160 4190 1325 4269 cogitaret
1350 4192 1421 4272 ipse

227 4325 339 4388 neque
364 4305 504 4367 omnino
527 4305 669 4386 cogitari
693 4314 818 4386 posset,
844 4305 927 4368 haec
952 4306 1079 4388 profert
1104 4305 1258 4369 Tacitus:

275 4425 454 4505 ,Ceterum
486 4423 648 4487 defuncto
682 4423 838 4506 Augusto
869 4427 1001 4506 signum
1027 4427 1203 4507 praetoriis
1227 4428 1423 4491 cohortibus
