<?xml version="1.0" encoding="UTF-8"?>
<!DOCTYPE html PUBLIC "-//W3C//DTD XHTML 1.0 Transitional//EN"
    "http://www.w3.org/TR/xhtml1/DTD/xhtml1-transitional.dtd">
<html xmlns="http://www.w3.org/1999/xhtml" xml:lang="en" lang="en">
 <head>
  <title>
</title>
<meta http-equiv="Content-Type" content="text/html;charset=utf-8" />
  <meta name='ocr-system' content='tesseract 3.04.00' />
  <meta name='ocr-capabilities' content='ocr_page ocr_carea ocr_par ocr_line ocrx_word'/>
</head>
<body>
  <div class='ocr_page' id='page_1' title='image "./analectatacitea00hartgoog_0036.png"; bbox 0 0 3210 5274; ppageno 0'>
   <div class='ocr_carea' id='block_1_1' title="bbox 784 319 822 386">
    <p class='ocr_par' dir='ltr' id='par_1_1' title="bbox 784 319 822 386">
     <span class='ocr_line' id='line_1_1' title="bbox 784 319 822 386; baseline 0 0"><span class='ocrx_word' id='word_1_1' title='bbox 784 319 822 386; x_wconf 84' lang='lat'>25</span> 
     </span>
    </p>
   </div>
   <div class='ocr_carea' id='block_1_2' title="bbox 201 481 1402 801">
    <p class='ocr_par' dir='ltr' id='par_1_2' title="bbox 201 481 1402 801">
     <span class='ocr_line' id='line_1_2' title="bbox 201 481 1401 559; baseline -0.002 -13"><span class='ocrx_word' id='word_1_2' title='bbox 201 482 257 546; x_wconf 93' lang='lat' dir='ltr'>alii</span> <span class='ocrx_word' id='word_1_3' title='bbox 282 481 389 557; x_wconf 89' lang='lat' dir='ltr'>aliter,</span> <span class='ocrx_word' id='word_1_4' title='bbox 414 483 473 544; x_wconf 94' lang='lat' dir='ltr'>sed</span> <span class='ocrx_word' id='word_1_5' title='bbox 499 502 618 545; x_wconf 91' lang='lat' dir='ltr'>omnes</span> <span class='ocrx_word' id='word_1_6' title='bbox 641 491 693 545; x_wconf 93' lang='lat' dir='ltr'>sat</span> <span class='ocrx_word' id='word_1_7' title='bbox 718 483 867 547; x_wconf 91' lang='lat' dir='ltr'>violenta</span> <span class='ocrx_word' id='word_1_8' title='bbox 892 484 1033 559; x_wconf 91' lang='lat' dir='ltr'>medela,</span> <span class='ocrx_word' id='word_1_9' title='bbox 1058 483 1202 547; x_wconf 91' lang='lat' dir='ltr'>salutem</span> <span class='ocrx_word' id='word_1_10' title='bbox 1226 484 1256 546; x_wconf 90' lang='lat' dir='ltr'>ei</span> <span class='ocrx_word' id='word_1_11' title='bbox 1283 483 1401 545; x_wconf 83' lang='lat' dir='ltr'>afferre</span> 
     </span>
     <span class='ocr_line' id='line_1_3' title="bbox 201 601 1402 676; baseline -0.001 -12"><span class='ocrx_word' id='word_1_12' title='bbox 201 602 317 664; x_wconf 89' lang='lat' dir='ltr'>conati</span> <span class='ocrx_word' id='word_1_13' title='bbox 348 609 437 676; x_wconf 88' lang='lat' dir='ltr'>sunt,</span> <span class='ocrx_word' id='word_1_14' title='bbox 471 621 538 663; x_wconf 92' lang='lat' dir='ltr'>uno</span> <span class='ocrx_word' id='word_1_15' title='bbox 565 601 672 664; x_wconf 88' lang='lat' dir='ltr'>verbo</span> <span class='ocrx_word' id='word_1_16' title='bbox 696 611 788 665; x_wconf 89' lang='lat' dir='ltr'>recte</span> <span class='ocrx_word' id='word_1_17' title='bbox 812 603 988 667; x_wconf 90' lang='lat' dir='ltr'>intellecto</span> <span class='ocrx_word' id='word_1_18' title='bbox 1012 603 1183 666; x_wconf 90' lang='lat' dir='ltr'>lenissima</span> <span class='ocrx_word' id='word_1_19' title='bbox 1207 603 1402 665; x_wconf 91' lang='lat' dir='ltr'>coniectura</span> 
     </span>
     <span class='ocr_line' id='line_1_4' title="bbox 203 721 739 801; baseline 0.002 -19"><span class='ocrx_word' id='word_1_20' title='bbox 203 721 238 782; x_wconf 92' lang='lat' dir='ltr'>in</span> <span class='ocrx_word' id='word_1_21' title='bbox 263 721 434 801; x_wconf 89' lang='lat' dir='ltr'>integrum</span> <span class='ocrx_word' id='word_1_22' title='bbox 458 727 573 801; x_wconf 88' lang='lat' dir='ltr'>potest</span> <span class='ocrx_word' id='word_1_23' title='bbox 598 721 739 783; x_wconf 90' lang='lat' dir='ltr'>restitui.</span> 
     </span>
    </p>
   </div>
   <div class='ocr_carea' id='block_1_3' title="bbox 200 837 1402 1279">
    <p class='ocr_par' dir='ltr' id='par_1_3' title="bbox 200 837 1402 1279">
     <span class='ocr_line' id='line_1_5' title="bbox 247 837 1401 921; baseline 0 -21"><span class='ocrx_word' id='word_1_24' title='bbox 247 838 291 900; x_wconf 93' lang='lat' dir='ltr'>H.</span> <span class='ocrx_word' id='word_1_25' title='bbox 316 838 360 913; x_wconf 93' lang='lat' dir='ltr'>II,</span> <span class='ocrx_word' id='word_1_26' title='bbox 384 857 416 917; x_wconf 94' lang='lat'>4.</span> <span class='ocrx_word' id='word_1_27' title='bbox 441 837 525 900; x_wconf 88' lang='lat' dir='ltr'>Tres</span> <span class='ocrx_word' id='word_1_28' title='bbox 539 886 546 900; x_wconf 93' lang='lat'><strong>.</strong></span> <span class='ocrx_word' id='word_1_29' title='bbox 560 886 590 900; x_wconf 91' lang='lat'>..</span> <span class='ocrx_word' id='word_1_30' title='bbox 616 838 679 920; x_wconf 93' lang='lat' dir='ltr'>ipsi</span> <span class='ocrx_word' id='word_1_31' title='bbox 705 838 918 921; x_wconf 83' lang='lat' dir='ltr'>Vespasiano</span> <span class='ocrx_word' id='word_1_32' title='bbox 942 839 1093 921; x_wconf 85' lang='lat' dir='ltr'>legiones</span> <span class='ocrx_word' id='word_1_33' title='bbox 1114 847 1210 902; x_wconf 89' lang='lat' dir='ltr'>erant</span> <span class='ocrx_word' id='word_1_34' title='bbox 1231 838 1401 901; x_wconf 86' lang='lat' dir='ltr'>exercitae</span> 
     </span>
     <span class='ocr_line' id='line_1_6' title="bbox 201 955 1401 1042; baseline 0.002 -24"><span class='ocrx_word' id='word_1_35' title='bbox 201 955 310 1019; x_wconf 89' lang='lat' dir='ltr'>bello:</span> <span class='ocrx_word' id='word_1_36' title='bbox 344 966 505 1039; x_wconf 92' lang='lat' dir='ltr'>quattuor</span> <span class='ocrx_word' id='word_1_37' title='bbox 539 958 716 1022; x_wconf 86' lang='lat' dir='ltr'>Mucianus</span> <span class='ocrx_word' id='word_1_38' title='bbox 744 960 924 1022; x_wconf 82' lang='lat' dir='ltr'>obtinebat</span> <span class='ocrx_word' id='word_1_39' title='bbox 948 961 981 1022; x_wconf 94' lang='lat' dir='ltr'>in</span> <span class='ocrx_word' id='word_1_40' title='bbox 1007 980 1108 1042; x_wconf 86' lang='lat' dir='ltr'>pace;</span> <span class='ocrx_word' id='word_1_41' title='bbox 1133 960 1193 1022; x_wconf 92' lang='lat' dir='ltr'>sed</span> <span class='ocrx_word' id='word_1_42' title='bbox 1219 958 1401 1022; x_wconf 88' lang='lat' dir='ltr'>aemulatio</span> 
     </span>
     <span class='ocr_line' id='line_1_7' title="bbox 200 1076 1402 1160; baseline 0.001 -22"><span class='ocrx_word' id='word_1_43' title='bbox 200 1084 237 1138; x_wconf 91' lang='lat' dir='ltr'>et</span> <span class='ocrx_word' id='word_1_44' title='bbox 261 1077 409 1158; x_wconf 88' lang='lat' dir='ltr'>proximi</span> <span class='ocrx_word' id='word_1_45' title='bbox 434 1077 603 1139; x_wconf 89' lang='lat' dir='ltr'>exercitus</span> <span class='ocrx_word' id='word_1_46' title='bbox 627 1076 734 1158; x_wconf 87' lang='lat' dir='ltr'>gloria</span> <span class='ocrx_word' id='word_1_47' title='bbox 758 1077 935 1159; x_wconf 89' lang='lat' dir='ltr'>depulerat</span> <span class='ocrx_word' id='word_1_48' title='bbox 956 1078 1147 1160; x_wconf 86' lang='lat' dir='ltr'>segnitiam,</span> <span class='ocrx_word' id='word_1_49' title='bbox 1168 1087 1402 1159; x_wconf 90' lang='lat' dir='ltr'>quantumque</span> 
     </span>
     <span class='ocr_line' id='line_1_8' title="bbox 203 1193 1401 1279; baseline 0.002 -23"><span class='ocrx_word' id='word_1_50' title='bbox 203 1193 270 1256; x_wconf 91' lang='lat' dir='ltr'>illis</span> <span class='ocrx_word' id='word_1_51' title='bbox 293 1195 425 1258; x_wconf 92' lang='lat' dir='ltr'>roboris</span> <span class='ocrx_word' id='word_1_52' title='bbox 449 1195 642 1257; x_wconf 89' lang='lat' dir='ltr'>discrimina</span> <span class='ocrx_word' id='word_1_53' title='bbox 667 1204 701 1258; x_wconf 88' lang='lat' dir='ltr'>et</span> <span class='ocrx_word' id='word_1_54' title='bbox 722 1195 829 1271; x_wconf 91' lang='lat' dir='ltr'>labor,</span> <span class='ocrx_word' id='word_1_55' title='bbox 853 1205 985 1259; x_wconf 91' lang='lat' dir='ltr'>tantum</span> <span class='ocrx_word' id='word_1_56' title='bbox 1006 1196 1057 1259; x_wconf 93' lang='lat' dir='ltr'>his</span> <span class='ocrx_word' id='word_1_57' title='bbox 1077 1197 1203 1279; x_wconf 91' lang='lat' dir='ltr'>vigoris</span> <span class='ocrx_word' id='word_1_58' title='bbox 1222 1197 1401 1260; x_wconf 89' lang='lat' dir='ltr'>addiderat</span> 
     </span>
    </p>
   </div>
   <div class='ocr_carea' id='block_1_4' title="bbox 201 1315 1407 4370">
    <p class='ocr_par' dir='ltr' id='par_1_4' title="bbox 202 1315 925 1398">
     <span class='ocr_line' id='line_1_9' title="bbox 202 1315 925 1398; baseline 0.001 -22"><span class='ocrx_word' id='word_1_59' title='bbox 202 1315 336 1396; x_wconf 89' lang='lat' dir='ltr'>integra</span> <span class='ocrx_word' id='word_1_60' title='bbox 360 1316 456 1397; x_wconf 91' lang='lat' dir='ltr'>quies</span> <span class='ocrx_word' id='word_1_61' title='bbox 480 1326 511 1378; x_wconf 84' lang='lat' dir='ltr'>et</span> <span class='ocrx_word' id='word_1_62' title='bbox 533 1316 700 1398; x_wconf 79' lang='lat' dir='ltr'>inexperti</span> <span class='ocrx_word' id='word_1_63' title='bbox 720 1315 798 1378; x_wconf 85' lang='lat' dir='ltr'>belli</span> <span class='ocrx_word' id='word_1_64' title='bbox 820 1315 925 1379; x_wconf 83' lang='lat' dir='ltr'>labor.</span> 
     </span>
    </p>

    <p class='ocr_par' dir='ltr' id='par_1_5' title="bbox 201 1432 1403 1992">
     <span class='ocr_line' id='line_1_10' title="bbox 250 1432 1401 1516; baseline 0 -20"><span class='ocrx_word' id='word_1_65' title='bbox 250 1432 304 1497; x_wconf 89' lang='lat' dir='ltr'>Sic</span> <span class='ocrx_word' id='word_1_66' title='bbox 329 1442 379 1496; x_wconf 90' lang='lat' dir='ltr'>est</span> <span class='ocrx_word' id='word_1_67' title='bbox 404 1435 437 1496; x_wconf 94' lang='lat' dir='ltr'>in</span> <span class='ocrx_word' id='word_1_68' title='bbox 463 1434 592 1509; x_wconf 89' lang='lat' dir='ltr'>codice,</span> <span class='ocrx_word' id='word_1_69' title='bbox 617 1435 688 1496; x_wconf 90' lang='lat' dir='ltr'>sine</span> <span class='ocrx_word' id='word_1_70' title='bbox 712 1454 823 1497; x_wconf 88' lang='lat' dir='ltr'>sensu.</span> <span class='ocrx_word' id='word_1_71' title='bbox 849 1435 921 1497; x_wconf 91' lang='lat' dir='ltr'>Iam</span> <span class='ocrx_word' id='word_1_72' title='bbox 945 1454 1015 1497; x_wconf 89' lang='lat' dir='ltr'>vox</span> <span class='ocrx_word' id='word_1_73' title='bbox 1034 1435 1128 1497; x_wconf 86' lang='lat' dir='ltr'>labor</span> <span class='ocrx_word' id='word_1_74' title='bbox 1148 1449 1215 1497; x_wconf 90' lang='lat' dir='ltr'>non</span> <span class='ocrx_word' id='word_1_75' title='bbox 1237 1442 1288 1498; x_wconf 92' lang='lat' dir='ltr'>est</span> <span class='ocrx_word' id='word_1_76' title='bbox 1309 1434 1401 1516; x_wconf 95' lang='lat' dir='ltr'>quod</span> 
     </span>
     <span class='ocr_line' id='line_1_11' title="bbox 201 1553 1402 1636; baseline -0.001 -21"><span class='ocrx_word' id='word_1_77' title='bbox 201 1572 266 1615; x_wconf 94' lang='lat' dir='ltr'>nos</span> <span class='ocrx_word' id='word_1_78' title='bbox 291 1562 449 1628; x_wconf 91' lang='lat' dir='ltr'>moretur,</span> <span class='ocrx_word' id='word_1_79' title='bbox 475 1573 550 1615; x_wconf 89' lang='lat' dir='ltr'>eam</span> <span class='ocrx_word' id='word_1_80' title='bbox 575 1554 665 1616; x_wconf 90' lang='lat' dir='ltr'>enim</span> <span class='ocrx_word' id='word_1_81' title='bbox 691 1573 709 1616; x_wconf 98' lang='lat' dir='ltr'>e</span> <span class='ocrx_word' id='word_1_82' title='bbox 734 1554 889 1636; x_wconf 87' lang='lat' dir='ltr'>proxime</span> <span class='ocrx_word' id='word_1_83' title='bbox 913 1554 1197 1635; x_wconf 88' lang='lat' dir='ltr'>praecedentibus</span> <span class='ocrx_word' id='word_1_84' title='bbox 1221 1553 1287 1617; x_wconf 93' lang='lat' dir='ltr'>huc</span> <span class='ocrx_word' id='word_1_85' title='bbox 1306 1553 1402 1616; x_wconf 89' lang='lat' dir='ltr'>aber-</span> 
     </span>
     <span class='ocr_line' id='line_1_12' title="bbox 201 1670 1403 1753; baseline 0 -20"><span class='ocrx_word' id='word_1_86' title='bbox 201 1691 294 1733; x_wconf 90' lang='lat' dir='ltr'>rasse</span> <span class='ocrx_word' id='word_1_87' title='bbox 324 1673 539 1753; x_wconf 89' lang='lat' dir='ltr'>perspicuum</span> <span class='ocrx_word' id='word_1_88' title='bbox 572 1679 633 1734; x_wconf 90' lang='lat' dir='ltr'>est.</span> <span class='ocrx_word' id='word_1_89' title='bbox 666 1672 719 1734; x_wconf 94' lang='lat' dir='ltr'>De</span> <span class='ocrx_word' id='word_1_90' title='bbox 750 1672 872 1735; x_wconf 87' lang='lat' dir='ltr'>ceteris</span> <span class='ocrx_word' id='word_1_91' title='bbox 902 1672 1088 1734; x_wconf 89' lang='lat' dir='ltr'>videamus.</span> <span class='ocrx_word' id='word_1_92' title='bbox 1121 1670 1211 1753; x_wconf 87' lang='lat' dir='ltr'>Quid</span> <span class='ocrx_word' id='word_1_93' title='bbox 1244 1670 1325 1733; x_wconf 93' lang='lat' dir='ltr'>illud</span> <span class='ocrx_word' id='word_1_94' title='bbox 1351 1679 1403 1733; x_wconf 90' lang='lat' dir='ltr'>est</span> 
     </span>
     <span class='ocr_line' id='line_1_13' title="bbox 202 1789 1401 1873; baseline 0.002 -23"><span class='ocrx_word' id='word_1_95' title='bbox 202 1790 297 1870; x_wconf 93' lang='lat' dir='ltr'>quod</span> <span class='ocrx_word' id='word_1_96' title='bbox 331 1789 494 1853; x_wconf 89' lang='lat' dir='ltr'>militibus</span> <span class='ocrx_word' id='word_1_97' title='bbox 524 1791 674 1873; x_wconf 83' lang='lat' dir='ltr'>vigorem</span> <span class='ocrx_word' id='word_1_98' title='bbox 706 1791 786 1852; x_wconf 90' lang='lat' dir='ltr'>dare</span> <span class='ocrx_word' id='word_1_99' title='bbox 818 1791 926 1872; x_wconf 92' lang='lat' dir='ltr'>possit</span> <span class='ocrx_word' id='word_1_100' title='bbox 953 1792 1056 1853; x_wconf 91' lang='lat' dir='ltr'>etiam</span> <span class='ocrx_word' id='word_1_101' title='bbox 1081 1810 1158 1853; x_wconf 92' lang='lat' dir='ltr'>cum</span> <span class='ocrx_word' id='word_1_102' title='bbox 1182 1789 1308 1853; x_wconf 93' lang='lat' dir='ltr'>bellum</span> <span class='ocrx_word' id='word_1_103' title='bbox 1333 1810 1401 1852; x_wconf 95' lang='lat' dir='ltr'>non</span> 
     </span>
     <span class='ocr_line' id='line_1_14' title="bbox 204 1908 350 1992; baseline -0.007 -20"><span class='ocrx_word' id='word_1_104' title='bbox 204 1908 350 1992; x_wconf 87' lang='lat' dir='ltr'>gerunt?</span> 
     </span>
    </p>

    <p class='ocr_par' dir='ltr' id='par_1_6' title="bbox 203 2026 1407 4370">
     <span class='ocr_line' id='line_1_15' title="bbox 251 2026 1403 2111; baseline 0 -21"><span class='ocrx_word' id='word_1_105' title='bbox 251 2029 342 2091; x_wconf 91' lang='lat' dir='ltr'>Num</span> <span class='ocrx_word' id='word_1_106' title='bbox 379 2029 489 2111; x_wconf 92' lang='lat' dir='ltr'>ipsum</span> <span class='ocrx_word' id='word_1_107' title='bbox 526 2028 607 2092; x_wconf 93' lang='lat' dir='ltr'>illud</span> <span class='ocrx_word' id='word_1_108' title='bbox 639 2029 729 2111; x_wconf 88' lang='lat' dir='ltr'>qnod</span> <span class='ocrx_word' id='word_1_109' title='bbox 757 2049 824 2091; x_wconf 92' lang='lat' dir='ltr'>non</span> <span class='ocrx_word' id='word_1_110' title='bbox 857 2026 1032 2111; x_wconf 83' lang='lat' dir='ltr'>pugnant?</span> <span class='ocrx_word' id='word_1_111' title='bbox 1063 2028 1140 2091; x_wconf 91' lang='lat' dir='ltr'>Hoc</span> <span class='ocrx_word' id='word_1_112' title='bbox 1173 2027 1403 2110; x_wconf 85' lang='lat' dir='ltr'>Nipperdeius</span> 
     </span>
     <span class='ocr_line' id='line_1_16' title="bbox 204 2147 1401 2230; baseline -0.001 -20"><span class='ocrx_word' id='word_1_113' title='bbox 204 2151 343 2230; x_wconf 84' lang='lat' dir='ltr'>putasse&#39;</span> <span class='ocrx_word' id='word_1_114' title='bbox 374 2148 518 2221; x_wconf 87' lang='lat' dir='ltr'>videtur,</span> <span class='ocrx_word' id='word_1_115' title='bbox 550 2147 696 2209; x_wconf 90' lang='lat' dir='ltr'>coniecit</span> <span class='ocrx_word' id='word_1_116' title='bbox 727 2149 818 2209; x_wconf 92' lang='lat' dir='ltr'>enim</span> <span class='ocrx_word' id='word_1_117' title='bbox 849 2160 881 2211; x_wconf 87' lang='lat' dir='ltr'>et</span> <span class='ocrx_word' id='word_1_118' title='bbox 907 2148 1114 2230; x_wconf 81' lang='lat' dir='ltr'>inexpertum</span> <span class='ocrx_word' id='word_1_119' title='bbox 1137 2147 1266 2222; x_wconf 86' lang='lat' dir='ltr'>bellum,</span> <span class='ocrx_word' id='word_1_120' title='bbox 1291 2166 1401 2228; x_wconf 93' lang='lat' dir='ltr'>neque</span> 
     </span>
     <span class='ocr_line' id='line_1_17' title="bbox 207 2264 1407 2347; baseline -0.002 -19"><span class='ocrx_word' id='word_1_121' title='bbox 207 2265 317 2329; x_wconf 90' lang='lat' dir='ltr'>multo</span> <span class='ocrx_word' id='word_1_122' title='bbox 349 2265 516 2329; x_wconf 82' lang='lat' dir='ltr'>feliciores</span> <span class='ocrx_word' id='word_1_123' title='bbox 543 2266 646 2328; x_wconf 91' lang='lat' dir='ltr'>ceteri</span> <span class='ocrx_word' id='word_1_124' title='bbox 673 2265 774 2329; x_wconf 85' lang='lat' dir='ltr'>luisse</span> <span class='ocrx_word' id='word_1_125' title='bbox 798 2267 957 2328; x_wconf 92' lang='lat' dir='ltr'>videntur</span> <span class='ocrx_word' id='word_1_126' title='bbox 980 2265 1097 2341; x_wconf 92' lang='lat' dir='ltr'>critici,</span> <span class='ocrx_word' id='word_1_127' title='bbox 1124 2266 1180 2347; x_wconf 96' lang='lat' dir='ltr'>qui</span> <span class='ocrx_word' id='word_1_128' title='bbox 1206 2264 1295 2328; x_wconf 91' lang='lat' dir='ltr'>hunc</span> <span class='ocrx_word' id='word_1_129' title='bbox 1319 2274 1407 2328; x_wconf 89' lang='lat' dir='ltr'>trac·</span> 
     </span>
     <span class='ocr_line' id='line_1_18' title="bbox 205 2382 1404 2447; baseline 0 -1"><span class='ocrx_word' id='word_1_130' title='bbox 205 2393 322 2447; x_wconf 91' lang='lat' dir='ltr'>tarunt</span> <span class='ocrx_word' id='word_1_131' title='bbox 355 2382 477 2446; x_wconf 90' lang='lat' dir='ltr'>locum.</span> <span class='ocrx_word' id='word_1_132' title='bbox 511 2384 549 2446; x_wconf 95' lang='lat' dir='ltr'>In</span> <span class='ocrx_word' id='word_1_133' title='bbox 582 2384 705 2446; x_wconf 90' lang='lat' dir='ltr'>eodem</span> <span class='ocrx_word' id='word_1_134' title='bbox 738 2385 828 2446; x_wconf 91' lang='lat' dir='ltr'>enim</span> <span class='ocrx_word' id='word_1_135' title='bbox 860 2404 973 2447; x_wconf 92' lang='lat' dir='ltr'>errore</span> <span class='ocrx_word' id='word_1_136' title='bbox 1006 2385 1127 2447; x_wconf 88' lang='lat' dir='ltr'>versati</span> <span class='ocrx_word' id='word_1_137' title='bbox 1160 2393 1238 2447; x_wconf 91' lang='lat' dir='ltr'>sunt</span> <span class='ocrx_word' id='word_1_138' title='bbox 1270 2403 1404 2447; x_wconf 89' lang='lat' dir='ltr'>omnes:</span> 
     </span>
     <span class='ocr_line' id='line_1_19' title="bbox 205 2503 1406 2586; baseline -0.001 -20"><span class='ocrx_word' id='word_1_139' title='bbox 205 2505 374 2586; x_wconf 84' lang='lat' dir='ltr'>integram</span> <span class='ocrx_word' id='word_1_140' title='bbox 407 2503 557 2584; x_wconf 89' lang='lat' dir='ltr'>quietem</span> <span class='ocrx_word' id='word_1_141' title='bbox 591 2523 663 2565; x_wconf 90' lang='lat' dir='ltr'>esse</span> <span class='ocrx_word' id='word_1_142' title='bbox 695 2510 858 2584; x_wconf 89' lang='lat' dir='ltr'>putarunt</span> <span class='ocrx_word' id='word_1_143' title='bbox 891 2504 1041 2584; x_wconf 92' lang='lat' dir='ltr'>quietem</span> <span class='ocrx_word' id='word_1_144' title='bbox 1075 2524 1247 2585; x_wconf 92' lang='lat' dir='ltr'>nunquam</span> <span class='ocrx_word' id='word_1_145' title='bbox 1275 2509 1406 2585; x_wconf 88' lang='lat' dir='ltr'>pertur-</span> 
     </span>
     <span class='ocr_line' id='line_1_20' title="bbox 205 2620 1404 2704; baseline -0.001 -20"><span class='ocrx_word' id='word_1_146' title='bbox 205 2622 340 2698; x_wconf 87' lang='lat' dir='ltr'>batam;</span> <span class='ocrx_word' id='word_1_147' title='bbox 361 2623 456 2704; x_wconf 90' lang='lat' dir='ltr'>quasi</span> <span class='ocrx_word' id='word_1_148' title='bbox 478 2642 560 2685; x_wconf 91' lang='lat' dir='ltr'>vero</span> <span class='ocrx_word' id='word_1_149' title='bbox 580 2621 636 2684; x_wconf 94' lang='lat' dir='ltr'>illa</span> <span class='ocrx_word' id='word_1_150' title='bbox 657 2641 806 2703; x_wconf 91' lang='lat' dir='ltr'>unquam</span> <span class='ocrx_word' id='word_1_151' title='bbox 828 2620 927 2684; x_wconf 85' lang='lat' dir='ltr'>fuerit</span> <span class='ocrx_word' id='word_1_152' title='bbox 947 2623 1077 2704; x_wconf 85' lang='lat' dir='ltr'>vigoris</span> <span class='ocrx_word' id='word_1_153' title='bbox 1096 2642 1205 2684; x_wconf 90' lang='lat' dir='ltr'>causa.</span> <span class='ocrx_word' id='word_1_154' title='bbox 1227 2622 1266 2684; x_wconf 97' lang='lat' dir='ltr'>In</span> <span class='ocrx_word' id='word_1_155' title='bbox 1280 2622 1404 2684; x_wconf 91' lang='lat' dir='ltr'>Ritteri</span> 
     </span>
     <span class='ocr_line' id='line_1_21' title="bbox 203 2738 1403 2821; baseline 0 -18"><span class='ocrx_word' id='word_1_156' title='bbox 203 2748 297 2803; x_wconf 89' lang='lat' dir='ltr'>certe</span> <span class='ocrx_word' id='word_1_157' title='bbox 329 2740 611 2821; x_wconf 89' lang='lat' dir='ltr'>interpretatione</span> <span class='ocrx_word' id='word_1_158' title='bbox 642 2739 811 2802; x_wconf 89' lang='lat' dir='ltr'>vocabula</span> <span class='ocrx_word' id='word_1_159' title='bbox 841 2738 1000 2821; x_wconf 89' lang='lat' dir='ltr'>legimus:</span> <span class='ocrx_word' id='word_1_160' title='bbox 1037 2740 1131 2820; x_wconf 80' lang='lat' dir='ltr'>,eine</span> <span class='ocrx_word' id='word_1_161' title='bbox 1157 2739 1403 2821; x_wconf 82' lang='lat' dir='ltr'>ungesahrdete</span> 
     </span>
     <span class='ocr_line' id='line_1_22' title="bbox 206 2857 1404 2941; baseline 0.002 -21"><span class='ocrx_word' id='word_1_162' title='bbox 206 2857 339 2921; x_wconf 89' lang='lat' dir='ltr'>Ruhe”.</span> <span class='ocrx_word' id='word_1_163' title='bbox 373 2857 441 2922; x_wconf 87' lang='lat' dir='ltr'>Sed</span> <span class='ocrx_word' id='word_1_164' title='bbox 472 2878 542 2920; x_wconf 94' lang='lat' dir='ltr'>non</span> <span class='ocrx_word' id='word_1_165' title='bbox 574 2858 661 2921; x_wconf 89' lang='lat' dir='ltr'>hanc</span> <span class='ocrx_word' id='word_1_166' title='bbox 694 2858 899 2920; x_wconf 88' lang='lat' dir='ltr'>adiectivum</span> <span class='ocrx_word' id='word_1_167' title='bbox 925 2859 1052 2941; x_wconf 80' lang='lat' dir='ltr'>integer</span> <span class='ocrx_word' id='word_1_168' title='bbox 1075 2859 1143 2921; x_wconf 94' lang='lat' dir='ltr'>vim</span> <span class='ocrx_word' id='word_1_169' title='bbox 1169 2858 1289 2933; x_wconf 89' lang='lat' dir='ltr'>habet;</span> <span class='ocrx_word' id='word_1_170' title='bbox 1313 2860 1404 2941; x_wconf 85' lang='lat' dir='ltr'>quies</span> 
     </span>
     <span class='ocr_line' id='line_1_23' title="bbox 204 2977 1404 3060; baseline -0.001 -19"><span class='ocrx_word' id='word_1_171' title='bbox 204 2979 340 3060; x_wconf 85' lang='lat' dir='ltr'>integra</span> <span class='ocrx_word' id='word_1_172' title='bbox 373 2985 424 3040; x_wconf 90' lang='lat' dir='ltr'>est</span> <span class='ocrx_word' id='word_1_173' title='bbox 456 2979 551 3059; x_wconf 90' lang='lat' dir='ltr'>quies</span> <span class='ocrx_word' id='word_1_174' title='bbox 583 2977 689 3040; x_wconf 91' lang='lat' dir='ltr'>libera</span> <span class='ocrx_word' id='word_1_175' title='bbox 717 2977 808 3039; x_wconf 87' lang='lat' dir='ltr'>vitiis</span> <span class='ocrx_word' id='word_1_176' title='bbox 831 2997 918 3059; x_wconf 93' lang='lat' dir='ltr'>quae</span> <span class='ocrx_word' id='word_1_177' title='bbox 942 2997 1045 3060; x_wconf 92' lang='lat' dir='ltr'>saepe</span> <span class='ocrx_word' id='word_1_178' title='bbox 1069 2979 1165 3060; x_wconf 92' lang='lat' dir='ltr'>quies</span> <span class='ocrx_word' id='word_1_179' title='bbox 1188 2978 1285 3041; x_wconf 86' lang='lat' dir='ltr'>affert</span> <span class='ocrx_word' id='word_1_180' title='bbox 1310 2998 1404 3040; x_wconf 90' lang='lat' dir='ltr'>exer·</span> 
     </span>
     <span class='ocr_line' id='line_1_24' title="bbox 205 3095 1405 3178; baseline -0.001 -19"><span class='ocrx_word' id='word_1_181' title='bbox 205 3097 306 3159; x_wconf 89' lang='lat' dir='ltr'>citui:</span> <span class='ocrx_word' id='word_1_182' title='bbox 339 3096 520 3177; x_wconf 87' lang='lat' dir='ltr'>pigritiam,</span> <span class='ocrx_word' id='word_1_183' title='bbox 552 3095 815 3170; x_wconf 89' lang='lat' dir='ltr'>immodestiam,</span> <span class='ocrx_word' id='word_1_184' title='bbox 847 3104 963 3177; x_wconf 91' lang='lat' dir='ltr'>raptus</span> <span class='ocrx_word' id='word_1_185' title='bbox 994 3105 1098 3178; x_wconf 90' lang='lat' dir='ltr'>atque</span> <span class='ocrx_word' id='word_1_186' title='bbox 1130 3096 1306 3159; x_wconf 91' lang='lat' dir='ltr'>luxuriem.</span> <span class='ocrx_word' id='word_1_187' title='bbox 1337 3096 1405 3158; x_wconf 92' lang='lat' dir='ltr'>Res</span> 
     </span>
     <span class='ocr_line' id='line_1_25' title="bbox 207 3213 1404 3297; baseline 0 -20"><span class='ocrx_word' id='word_1_188' title='bbox 207 3213 324 3277; x_wconf 89' lang='lat' dir='ltr'>multis</span> <span class='ocrx_word' id='word_1_189' title='bbox 355 3224 471 3297; x_wconf 89' lang='lat' dir='ltr'>potest</span> <span class='ocrx_word' id='word_1_190' title='bbox 501 3215 657 3278; x_wconf 88' lang='lat' dir='ltr'>illustrari</span> <span class='ocrx_word' id='word_1_191' title='bbox 690 3214 866 3296; x_wconf 92' lang='lat' dir='ltr'>exemplis,</span> <span class='ocrx_word' id='word_1_192' title='bbox 890 3214 951 3278; x_wconf 90' lang='lat' dir='ltr'>sed</span> <span class='ocrx_word' id='word_1_193' title='bbox 976 3216 1234 3278; x_wconf 90' lang='lat' dir='ltr'>disertissimum</span> <span class='ocrx_word' id='word_1_194' title='bbox 1258 3214 1324 3278; x_wconf 91' lang='lat' dir='ltr'>hoc</span> <span class='ocrx_word' id='word_1_195' title='bbox 1348 3215 1404 3296; x_wconf 90' lang='lat' dir='ltr'>(II,</span> 
     </span>
     <span class='ocr_line' id='line_1_26' title="bbox 204 3332 1404 3417; baseline 0.001 -21"><span class='ocrx_word' id='word_1_196' title='bbox 204 3335 280 3417; x_wconf 83' lang='lat'>97):</span> <span class='ocrx_word' id='word_1_197' title='bbox 310 3335 498 3416; x_wconf 85' lang='lat' dir='ltr'>,integrum</span> <span class='ocrx_word' id='word_1_198' title='bbox 522 3333 589 3396; x_wconf 89' lang='lat' dir='ltr'>illic</span> <span class='ocrx_word' id='word_1_199' title='bbox 609 3334 655 3416; x_wconf 88' lang='lat' dir='ltr'>(in</span> <span class='ocrx_word' id='word_1_200' title='bbox 676 3332 805 3415; x_wconf 82' lang='lat' dir='ltr'>Africa)</span> <span class='ocrx_word' id='word_1_201' title='bbox 825 3355 865 3396; x_wconf 93' lang='lat' dir='ltr'>ac</span> <span class='ocrx_word' id='word_1_202' title='bbox 885 3334 1106 3397; x_wconf 83' lang='lat' dir='ltr'>favorabilem</span> <span class='ocrx_word' id='word_1_203' title='bbox 1128 3335 1404 3416; x_wconf 88' lang='lat' dir='ltr'>proconsulatum</span> 
     </span>
     <span class='ocr_line' id='line_1_27' title="bbox 208 3452 1403 3536; baseline -0.001 -19"><span class='ocrx_word' id='word_1_204' title='bbox 208 3453 380 3529; x_wconf 89' lang='lat' dir='ltr'>Vitellius,</span> <span class='ocrx_word' id='word_1_205' title='bbox 412 3455 579 3516; x_wconf 81' lang='lat' dir='ltr'>famosum</span> <span class='ocrx_word' id='word_1_206' title='bbox 611 3453 825 3534; x_wconf 90' lang='lat' dir='ltr'>invisumque</span> <span class='ocrx_word' id='word_1_207' title='bbox 851 3453 1082 3535; x_wconf 90' lang='lat' dir='ltr'>Vespasianus</span> <span class='ocrx_word' id='word_1_208' title='bbox 1106 3454 1255 3535; x_wconf 90' lang='lat' dir='ltr'>egerat”.</span> <span class='ocrx_word' id='word_1_209' title='bbox 1281 3452 1403 3536; x_wconf 88' lang='lat' dir='ltr'>Saepe,</span> 
     </span>
     <span class='ocr_line' id='line_1_28' title="bbox 206 3571 1404 3654; baseline 0 -19"><span class='ocrx_word' id='word_1_210' title='bbox 206 3593 250 3635; x_wconf 91' lang='lat' dir='ltr'>ne</span> <span class='ocrx_word' id='word_1_211' title='bbox 286 3571 486 3654; x_wconf 90' lang='lat' dir='ltr'>plerumque</span> <span class='ocrx_word' id='word_1_212' title='bbox 521 3572 644 3646; x_wconf 89' lang='lat' dir='ltr'>dicam,</span> <span class='ocrx_word' id='word_1_213' title='bbox 681 3571 900 3653; x_wconf 89' lang='lat' dir='ltr'>proconsules</span> <span class='ocrx_word' id='word_1_214' title='bbox 931 3573 965 3634; x_wconf 97' lang='lat' dir='ltr'>in</span> <span class='ocrx_word' id='word_1_215' title='bbox 998 3573 1181 3654; x_wconf 90' lang='lat' dir='ltr'>provinciis</span> <span class='ocrx_word' id='word_1_216' title='bbox 1212 3573 1338 3654; x_wconf 92' lang='lat' dir='ltr'>rapinis</span> <span class='ocrx_word' id='word_1_217' title='bbox 1370 3580 1404 3635; x_wconf 90' lang='lat' dir='ltr'>et</span> 
     </span>
     <span class='ocr_line' id='line_1_29' title="bbox 203 3690 1402 3772; baseline -0.002 -17"><span class='ocrx_word' id='word_1_218' title='bbox 203 3690 408 3755; x_wconf 89' lang='lat' dir='ltr'>crudelitate</span> <span class='ocrx_word' id='word_1_219' title='bbox 439 3712 475 3753; x_wconf 91' lang='lat' dir='ltr'>se</span> <span class='ocrx_word' id='word_1_220' title='bbox 506 3710 699 3772; x_wconf 90' lang='lat' dir='ltr'>nomenque</span> <span class='ocrx_word' id='word_1_221' title='bbox 733 3691 926 3753; x_wconf 92' lang='lat' dir='ltr'>Romanum</span> <span class='ocrx_word' id='word_1_222' title='bbox 958 3690 1220 3765; x_wconf 88' lang='lat' dir='ltr'>commaculant,</span> <span class='ocrx_word' id='word_1_223' title='bbox 1252 3690 1309 3770; x_wconf 92' lang='lat' dir='ltr'>qui</span> <span class='ocrx_word' id='word_1_224' title='bbox 1338 3690 1402 3753; x_wconf 93' lang='lat' dir='ltr'>cle·</span> 
     </span>
     <span class='ocr_line' id='line_1_30' title="bbox 205 3807 1403 3892; baseline -0.001 -19"><span class='ocrx_word' id='word_1_225' title='bbox 205 3818 340 3874; x_wconf 91' lang='lat' dir='ltr'>menter</span> <span class='ocrx_word' id='word_1_226' title='bbox 360 3810 570 3892; x_wconf 92' lang='lat' dir='ltr'>provinciam</span> <span class='ocrx_word' id='word_1_227' title='bbox 593 3809 680 3871; x_wconf 92' lang='lat' dir='ltr'>rexit</span> <span class='ocrx_word' id='word_1_228' title='bbox 700 3810 771 3871; x_wconf 92' lang='lat' dir='ltr'>eius</span> <span class='ocrx_word' id='word_1_229' title='bbox 786 3811 914 3892; x_wconf 82' lang='lat' dir='ltr'>integer</span> <span class='ocrx_word' id='word_1_230' title='bbox 927 3819 978 3872; x_wconf 91' lang='lat' dir='ltr'>est</span> <span class='ocrx_word' id='word_1_231' title='bbox 991 3807 1257 3892; x_wconf 89' lang='lat' dir='ltr'>proconsulatus.</span> <span class='ocrx_word' id='word_1_232' title='bbox 1272 3807 1403 3890; x_wconf 87' lang='lat' dir='ltr'>Quodsi</span> 
     </span>
     <span class='ocr_line' id='line_1_31' title="bbox 204 3928 1403 4012; baseline -0.002 -19"><span class='ocrx_word' id='word_1_233' title='bbox 204 3931 283 4012; x_wconf 91' lang='lat' dir='ltr'>quis</span> <span class='ocrx_word' id='word_1_234' title='bbox 313 3931 501 3993; x_wconf 89' lang='lat' dir='ltr'>contendat</span> <span class='ocrx_word' id='word_1_235' title='bbox 532 3930 678 3992; x_wconf 89' lang='lat' dir='ltr'>arctiore</span> <span class='ocrx_word' id='word_1_236' title='bbox 709 3950 808 3992; x_wconf 92' lang='lat' dir='ltr'>sensu</span> <span class='ocrx_word' id='word_1_237' title='bbox 836 3929 881 3991; x_wconf 93' lang='lat' dir='ltr'>ibi</span> <span class='ocrx_word' id='word_1_238' title='bbox 907 3950 979 3992; x_wconf 91' lang='lat' dir='ltr'>esse</span> <span class='ocrx_word' id='word_1_239' title='bbox 1004 3928 1240 4011; x_wconf 92' lang='lat' dir='ltr'>accipiendum</span> <span class='ocrx_word' id='word_1_240' title='bbox 1264 3929 1403 3991; x_wconf 90' lang='lat' dir='ltr'>adiecti-</span> 
     </span>
     <span class='ocr_line' id='line_1_32' title="bbox 206 4047 1405 4130; baseline 0 -19"><span class='ocrx_word' id='word_1_241' title='bbox 206 4069 299 4124; x_wconf 91' lang='lat' dir='ltr'>vum‚</span> <span class='ocrx_word' id='word_1_242' title='bbox 333 4049 502 4130; x_wconf 91' lang='lat' dir='ltr'>integrum</span> <span class='ocrx_word' id='word_1_243' title='bbox 533 4068 606 4110; x_wconf 90' lang='lat' dir='ltr'>esse</span> <span class='ocrx_word' id='word_1_244' title='bbox 638 4068 716 4110; x_wconf 91' lang='lat' dir='ltr'>eum</span> <span class='ocrx_word' id='word_1_245' title='bbox 747 4049 804 4129; x_wconf 91' lang='lat' dir='ltr'>qui</span> <span class='ocrx_word' id='word_1_246' title='bbox 838 4068 957 4110; x_wconf 88' lang='lat' dir='ltr'>manus</span> <span class='ocrx_word' id='word_1_247' title='bbox 983 4048 1153 4111; x_wconf 88' lang='lat' dir='ltr'>abstineat</span> <span class='ocrx_word' id='word_1_248' title='bbox 1177 4047 1296 4111; x_wconf 93' lang='lat' dir='ltr'>alienis</span> <span class='ocrx_word' id='word_1_249' title='bbox 1319 4048 1405 4111; x_wconf 89' lang='lat' dir='ltr'>inte·</span> 
     </span>
     <span class='ocr_line' id='line_1_33' title="bbox 207 4167 1406 4250; baseline 0.002 -20"><span class='ocrx_word' id='word_1_250' title='bbox 207 4188 375 4250; x_wconf 91' lang='lat' dir='ltr'>grumque</span> <span class='ocrx_word' id='word_1_251' title='bbox 400 4169 471 4230; x_wconf 93' lang='lat' dir='ltr'>eius</span> <span class='ocrx_word' id='word_1_252' title='bbox 493 4167 782 4249; x_wconf 88' lang='lat' dir='ltr'>proconsulatum,</span> <span class='ocrx_word' id='word_1_253' title='bbox 804 4187 871 4230; x_wconf 91' lang='lat' dir='ltr'>non</span> <span class='ocrx_word' id='word_1_254' title='bbox 893 4167 1071 4250; x_wconf 90' lang='lat' dir='ltr'>obloquor,</span> <span class='ocrx_word' id='word_1_255' title='bbox 1092 4187 1204 4249; x_wconf 93' lang='lat' dir='ltr'>neque</span> <span class='ocrx_word' id='word_1_256' title='bbox 1224 4168 1406 4249; x_wconf 92' lang='lat' dir='ltr'>quominus</span> 
     </span>
     <span class='ocr_line' id='line_1_34' title="bbox 209 4287 1405 4370; baseline 0 -20"><span class='ocrx_word' id='word_1_257' title='bbox 209 4288 252 4350; x_wconf 92' lang='lat' dir='ltr'>de</span> <span class='ocrx_word' id='word_1_258' title='bbox 273 4289 407 4369; x_wconf 84' lang='lat' dir='ltr'>integra</span> <span class='ocrx_word' id='word_1_259' title='bbox 426 4287 531 4367; x_wconf 83' lang='lat' dir='ltr'>quiete</span> <span class='ocrx_word' id='word_1_260' title='bbox 550 4287 642 4350; x_wconf 92' lang='lat' dir='ltr'>idem</span> <span class='ocrx_word' id='word_1_261' title='bbox 662 4295 850 4350; x_wconf 88' lang='lat' dir='ltr'>statuamus</span> <span class='ocrx_word' id='word_1_262' title='bbox 866 4287 1058 4349; x_wconf 89' lang='lat' dir='ltr'>intercedo:</span> <span class='ocrx_word' id='word_1_263' title='bbox 1072 4287 1258 4350; x_wconf 91' lang='lat' dir='ltr'>rectissime</span> <span class='ocrx_word' id='word_1_264' title='bbox 1271 4287 1405 4370; x_wconf 85' lang='lat' dir='ltr'>integra</span> 
     </span>
    </p>
   </div>
   <div class='ocr_carea' id='block_1_5' title="bbox 0 0 1614 5274">
    <p class='ocr_par' dir='ltr' id='par_1_7' title="bbox 0 0 1614 5274">
     <span class='ocr_line' id='line_1_35' title="bbox 0 0 1614 5274; baseline 0 0"><span class='ocrx_word' id='word_1_265' title='bbox 0 0 1614 5274; x_wconf 95' lang='lat' dir='ltr'> </span> 
     </span>
    </p>
   </div>
  </div>
 </body>
</html>
