3210 5274
780 411 839 476 Ι97

254 573 359 636 Paulo
382 580 461 655 post
486 573 559 655 (III,
588 575 616 656 3)
642 575 698 655 qui
724 574 849 636 factum
874 575 916 636 sit
942 584 978 637 ut
1003 576 1046 636 de
1070 527 1230 655 singulari
1255 572 1403 653 quodam

204 693 251 755 ob
278 701 423 755 mortem
448 691 641 756 Germanici
666 692 840 757 Antoniae
865 695 980 756 matris
1000 694 1092 756 luctu
1115 693 1196 755 nihil
1216 693 1406 755 traderetur

202 812 248 875 ab
272 813 469 875 auctoribus
494 813 585 875 varie
612 814 763 895 disputat
789 813 945 888 Tacitus;
970 823 1146 895 postremo
1170 814 1257 876 hanc
1279 811 1406 894 profert

193 932 455 994 coniecturam:

253 1050 421 1129 „Facilius
442 1051 644 1114 crediderim
665 1052 805 1115 Tiberio
825 1061 860 1115 et
883 1053 1059 1134 Augustae
1081 1053 1278 1126 cohibitam,
1296 1060 1332 1113 ut
1346 1071 1406 1132 par

206 1192 340 1235 maeror
371 1180 406 1235 et
439 1173 555 1235 matris
587 1173 747 1255 exemplo
779 1174 855 1236 avia
886 1194 1024 1254 quoque
1048 1183 1083 1236 et
1108 1182 1247 1255 patruus
1270 1172 1405 1234 attineri

207 1291 438 1357 viderentur”.

254 1412 339 1494 Quis
359 1434 402 1475 ex
423 1412 475 1476 his
496 1433 563 1477 non
585 1414 685 1496 plane
707 1414 865 1496 intelligit
885 1414 1059 1478 Tiberium
1073 1435 1209 1496 quoque
1224 1422 1258 1476 et
1272 1414 1405 1476 Liviam

208 1532 274 1594 illis
293 1531 414 1595 diebus
432 1533 525 1595 domi
545 1532 730 1597 mansisse?
754 1533 838 1616 Quis
855 1555 890 1597 se
903 1536 1021 1618 inepta
1034 1535 1115 1597 illud
1130 1536 1244 1596 doceri
1259 1535 1406 1616 patiatur

208 1653 507 1715 annotatiuncula:
526 1654 585 1735 qui
594 1655 689 1717 domo
702 1676 763 1717 non
776 1654 977 1729 excedebant,
992 1675 1080 1736 quae
1094 1674 1182 1716 nunc
1196 1655 1284 1716 inter
1296 1653 1405 1717 Taciti

208 1772 314 1835 verba
338 1771 481 1854 legitur?

252 1890 296 1953 A.
320 1890 380 1965 IV,
401 1911 456 1974 49.
478 1890 624 1955 Sabinus
643 1892 835 1954 Thraecum
858 1892 1032 1954 castellum
1054 1893 1227 1973 quoddam
1249 1891 1293 1954 ab
1314 1893 1405 1954 omni

207 2019 305 2094 parte
339 2011 504 2074 inclusum
537 2019 642 2086 tenet,
675 2012 723 2074 ita
753 2021 790 2074 ut
822 2013 914 2074 omni
948 2011 1112 2074 malorum
1145 2032 1269 2094 genere
1295 2012 1406 2074 miseri

207 2130 363 2193 homines
386 2138 571 2193 vexentur:

257 2252 335 2330 ,sed
357 2250 440 2312 nihil
460 2270 569 2331 aeque
590 2270 693 2332 quam
712 2251 785 2312 sitis
806 2250 980 2332 fatigabat,
1002 2272 1078 2314 cum
1093 2251 1211 2333 ingens
1225 2251 1407 2315 multitudo

209 2370 425 2445 bellatorum,
450 2368 638 2432 imbelliuln
663 2391 730 2432 uno
754 2369 884 2450 reliquo
909 2369 1002 2432 sonte
1027 2379 1219 2446 uterentur;
1240 2370 1407 2452 simulque

209 2501 374 2566 armenta,
390 2500 432 2553 'ut
454 2511 527 2553 mos
548 2490 709 2563 barbaris,
731 2491 826 2552 iuxta
847 2489 969 2563 clausa,
999 2498 1151 2570 egestate
1166 2488 1280 2570 pabuli
1294 2490 1408 2551 exani·

210 2612 312 2687 mari;
346 2612 501 2674 adiacere
533 2629 677 2693 corpora
709 2609 896 2683 hominum,
928 2628 1013 2689 quos
1046 2607 1195 2682 vulnera,
1227 2628 1312 2689 quos
1336 2609 1408 2670 sitis

208 2740 402 2813 peremerat
411 2759 419 2807 ;
445 2730 551 2812 pollui
576 2738 699 2792 cuncta
723 2730 816 2792 sanie
841 2729 947 2790 odore
972 2726 1166 2790 contactu.’'

256 2849 335 2911 Non
360 2849 480 2911 dubito
505 2850 585 2930 quin
611 2868 728 2911 verum
753 2849 876 2910 viderit
899 2847 1060 2921 Ritterus,
1082 2848 1138 2929 qui
1160 2846 1264 2909 verba
1284 2860 1321 2911 ut
1340 2869 1408 2912 mos

210 2969 368 3031 barbaris
392 2969 606 3050 proscripsit:
632 2988 767 3048 prorsus
790 2967 901 3030 aliena
925 2967 1003 3030 hinc
1028 2968 1091 3029 ista
1115 2976 1203 3041 sunt,
1230 2967 1407 3030 nonenim

211 3091 432 3153 barbarorum
456 3108 568 3151 mores
592 3088 646 3150 hic
667 3088 913 3161 describuntur,
936 3088 994 3149 sed
1016 3087 1098 3168 quid
1118 3098 1202 3160 tunc,
1224 3089 1266 3149 ad
1289 3087 1408 3149 incitas

211 3212 350 3284 redacti,
376 3210 517 3272 iecerint
540 3228 617 3270 cum
641 3226 773 3270 summo
798 3227 859 3269 suo
880 3207 1109 3281 incommod0,
1132 3216 1294 3268 narratur.
1321 3207 1407 3270 Con-

212 3331 337 3393 seratur
361 3337 544 3411 cognatum
569 3326 739 3389 emblema
764 3338 800 3389 ut
823 3347 892 3389 mos
914 3326 1059 3389 oraculis
1080 3326 1172 3407 quod
1194 3346 1212 3387 e
1232 3327 1344 3407 capite
1367 3341 1408 3406 54

212 3450 288 3512 libri
314 3449 345 3511 ll
372 3449 569 3513 exemimus.

257 3568 301 3631 A.
327 3567 370 3642 V,
400 3585 449 3631 10.
474 3567 612 3629 Falsum
638 3566 785 3628 Drusum
812 3585 1018 3647 persequens
1043 3565 1222 3647 Poppaeus
1243 3563 1405 3628 Sabinus:

262 3689 496 3768 „Toronaeum
540 3686 837 3767 Thermaeumque
879 3686 989 3747 sinum
1029 3684 1290 3767 praefestinans,
1328 3705 1408 3746 mox

215 3808 391 3870 Euboeam
423 3814 457 3869 et
491 3807 655 3879 Piraeum,
688 3806 765 3868 dein
798 3804 1035 3867 Corinthiense
1065 3803 1143 3866 litus
1168 3804 1407 3885 angustiasque

195 3901 331 3991 'isthmi
358 3925 507 3990 evadit.”

256 4048 471 4121 Eundemne,
496 4047 553 4127 qui
579 4045 626 4106 sic
650 4045 721 4106 sine
747 4044 814 4106 ullo
835 4042 899 4105 loci
923 4043 1047 4106 indicio
1061 4042 1287 4105 Thermaeum
1302 4043 1407 4105 Toro-

212 4185 402 4247 naeumque
426 4166 548 4239 sinum,
573 4165 631 4244 qui
655 4173 771 4225 tamen
796 4163 937 4226 fortasse
958 4163 1142 4244 legentium
1165 4163 1267 4245 vulgo
1288 4184 1406 4245 parum

213 4289 283 4349 noti
316 4306 390 4348 esse
421 4293 615 4367 potuerunt,
647 4282 831 4364 reliquerit,
864 4284 906 4345 ad
940 4283 1105 4346 Euboeam
1134 4283 1283 4364 ,Aegaei
1308 4286 1409 4347 maris

214 4404 390 4480 insulam'’,
422 4405 465 4467 ad
490 4404 652 4467 Piraeum
682 4402 838 4481 ,Atticae
863 4403 964 4464 orae”
989 4403 1205 4484 adscripsisse
1231 4404 1409 4485 putemus?
