3210 5274
778 372 836 451 165

204 548 312 611 oculis
332 550 545 612 inimicorum
568 549 664 624 foret,
685 550 766 631 quid
789 551 914 613 deinde
936 550 1142 612 miserrimae
1159 548 1304 629 coniugi,
1322 548 1402 629 quid

203 667 391 730 infantibus
411 667 526 730 liberis
546 667 769 731 eventurum?
789 670 902 732 Lenta
923 670 1029 732 videri
1051 668 1224 743 veneficia,
1246 668 1404 731 festinare

202 797 237 851 et
262 808 393 869 urgere,
418 797 455 851 ut
480 789 701 870 provinciam,
727 797 764 851 ut
789 790 940 871 legiones
964 789 1055 851 solus
1079 787 1236 850 habeat.”

249 908 371 989 Neque
406 908 471 972 hoc
507 909 748 991 negligendum
785 929 873 983 eum,
906 910 963 990 qui
995 907 1170 990 popellum
1203 907 1403 989 alloquatur,

205 1029 316 1109 digito
342 1036 531 1091 monstrare
552 1027 706 1090 homines
727 1049 812 1109 quos
833 1037 978 1102 accusat,
1000 1026 1100 1109 longe
1121 1027 1221 1090 aliam
1242 1047 1314 1089 esse
1335 1028 1405 1088 eius

204 1148 409 1231 orationem,
432 1147 490 1228 qui
515 1146 605 1209 solus
629 1167 743 1209 secum
769 1148 811 1209 de
836 1146 1036 1210 adversariis
1060 1147 1127 1209 suis
1150 1146 1288 1227 cogitat.

253 1386 279 1448 l.
303 1402 353 1467 32.
374 1387 428 1449 De
450 1386 726 1450 Germanicarum
746 1386 918 1468 legionum
939 1386 1107 1449 seditione
1128 1396 1162 1449 et
1182 1385 1247 1448 alia
1267 1395 1301 1448 et
1320 1362 1404 1447 baec

207 1514 404 1568 narrantur:

256 1625 432 1707 ,Repente
465 1624 633 1707 lymphati
665 1626 835 1688 destrictis
864 1626 986 1707 gladiis
1016 1626 1050 1688 in
1075 1627 1289 1688 centuriones
1312 1626 1405 1687 inva-

205 1745 292 1807 dunt
295 1790 392 1806 .....
426 1744 616 1807 Prostratos
647 1745 844 1808 verberibus
876 1746 1037 1820 mulcant,
1061 1746 1220 1827 sexageni
1244 1744 1403 1827 singulos

205 1872 243 1926 ut
268 1884 444 1926 numerum
469 1865 705 1927 centurionum
730 1866 979 1946 adaequarent;
1006 1874 1078 1926 tum
1102 1864 1282 1926 convulsos
1302 1862 1405 1926 lania·

204 1992 328 2064 tosque
350 1991 384 2045 et
406 1983 529 2064 partim
549 1984 726 2047 exanimos
746 1991 825 2045 ante
839 1982 963 2045 vallum
977 1984 1082 2045 autin
1097 2002 1232 2044 amnem
1247 1982 1404 2044 Rhenum

208 2101 414 2184 proiciunt.''

252 2220 309 2282 Ad
333 2221 492 2304 sexageni
513 2220 661 2303 singulas
685 2220 769 2283 haec
795 2230 937 2283 annotat
963 2220 1208 2302 Nipperdeius:

257 2341 341 2419 ,Die
374 2340 538 2403 Soldaten
571 2340 782 2415 betrachten,
817 2361 883 2403 was
915 2341 981 2402 den
1010 2339 1185 2401 einzelnen
1210 2359 1277 2400 von
1303 2339 1404 2400 ihnen

207 2459 368 2542 geschah,
401 2460 462 2522 wie
494 2461 572 2523 dem
604 2460 737 2543 Korper
762 2481 804 2522 an
829 2461 939 2523 einem
965 2459 1071 2534 Teile,
1095 2480 1133 2521 so
1156 2457 1205 2521 als
1228 2458 1316 2521 allen
1341 2459 1405 2521 ins·

207 2589 341 2660 gesamt
360 2578 497 2661 gethan.
519 2580 596 2641 Wie
616 2579 687 2641 also
708 2579 752 2642 60
772 2579 994 2642 centurionen
1016 2579 1071 2641 die
1089 2579 1219 2659 Legion
1232 2577 1405 2659 schlugen,

205 2720 245 2762 so
278 2699 361 2762 wird
390 2699 476 2781 jetzt
504 2699 602 2781 jeder
634 2698 796 2762 Centurio
830 2719 896 2761 von
928 2699 971 2762 60
1003 2698 1166 2762 Soldaten
1190 2698 1405 2780 geschlagen,

206 2839 265 2881 um
294 2819 399 2900 jeden
432 2818 587 2880 dasselbe
616 2817 731 2880 lohlen
757 2839 796 2879 zu
821 2817 941 2892 lassen,
966 2837 1034 2879 was
1057 2817 1170 2879 bisher
1193 2819 1248 2880 die
1273 2818 1404 2900 Legion

205 2936 339 3019 gefiihlt
364 2936 456 3000 hat.”

253 3056 299 3118 Et
331 3056 455 3138 probat
487 3056 550 3119 ista
582 3056 774 3118 Furneaux.
809 3054 858 3117 At
888 3075 953 3136 ego
985 3056 1042 3117 vix
1074 3056 1176 3117 credo
1208 3063 1338 3118 tantam
1372 3056 1405 3117 in

206 3176 373 3239 militibus
404 3175 468 3239 illis
499 3177 599 3238 luisse
629 3176 830 3249 doctrinam,
856 3183 914 3237 aut
938 3183 1068 3237 tantam
1094 3176 1127 3237 in
1152 3176 1406 3238 centurionibus

203 3296 429 3378 sagacitatem
462 3304 499 3358 ut
529 3295 815 3376 sapientissimum
849 3293 929 3356 illud
963 3293 1106 3356 militum
1135 3294 1311 3358 consilium
1338 3316 1404 3358 non

204 3415 374 3478 admoniti
399 3415 513 3477 statim
538 3414 780 3496 perspicerent.
807 3413 863 3475 An
884 3433 1008 3494 praeco
1029 3413 1149 3494 aliquis
1168 3414 1326 3477 adstabat
1347 3416 1403 3496 qui

204 3534 299 3597 clara
323 3554 407 3596 voce
431 3534 534 3597 latine
559 3554 600 3596 ea
625 3532 841 3607 declamaret,
867 3533 1006 3613 quaein
1030 3532 1228 3614 Nipperdeii
1249 3532 1405 3614 leguntur

203 3651 451 3716 annotatione?
473 3653 551 3715 Non
573 3652 704 3735 opinor.
727 3652 801 3713 lure
822 3672 903 3734 ergo
926 3653 1062 3713 miseret
1082 3652 1328 3727 centurionum,
1347 3650 1403 3733 qui

203 3773 444 3847 convellantur,
465 3773 644 3845 lanientur,
665 3772 787 3853 partim
808 3771 975 3833 exanimes
988 3771 1202 3852 proiciantur
1223 3779 1257 3833 et
1278 3791 1319 3833 ne
1341 3771 1405 3833 hoc

158 3923 164 3930 ·
201 3892 359 3975 quidem,
391 3890 481 3954 haud
513 3891 588 3954 leve
621 3889 787 3973 proiect0,
817 3891 934 3952 mortis
959 3891 1107 3953 habeant
1130 3890 1287 3953 solatium
1313 3892 1404 3972 quod

204 4010 442 4095 „symbolice”
475 4032 510 4074 se
546 4009 706 4093 vapulare
742 4011 901 4072 sentiant.
938 4008 1006 4074 Sed
1043 4009 1173 4084 frustra,
1205 4019 1242 4071 ut
1274 4010 1405 4092 opinor,

199 4134 390 4200 desudavit
422 4132 668 4215 Nipperdeius:
702 4129 792 4193 nulla
824 4131 914 4192 enim
947 4131 1121 4194 doctrinae
1155 4131 1204 4193 vis
1235 4139 1331 4192 tanta
1355 4140 1406 4193 est

200 4263 245 4318 ut
278 4255 323 4328 id,
355 4253 449 4335 quod
480 4252 535 4316 ille
568 4251 684 4326 voluit,
718 4271 736 4313 e
768 4249 880 4312 verbis
911 4262 947 4313 ut
977 4271 1148 4313 nueuerum
1181 4252 1405 4314 centurionum

200 4375 438 4456 adaequarent
459 4371 528 4435 ullo
553 4371 657 4434 modo
683 4370 788 4452 possit
812 4371 1017 4453 extorqueri.
1045 4370 1251 4446 ReddamuS,
1272 4390 1405 4448 censeo,
