3210 5274
854 401 919 467 244

281 558 448 622 facturum
484 569 697 642 exspectant,
733 560 881 624 Cerealis
916 571 951 625 et
985 561 1101 625 Civilis
1133 583 1210 626 cum
1243 583 1304 626 suo
1339 573 1490 646 uterque

283 679 445 752 exercitu,
470 688 573 760 atque
599 679 722 742 milites
745 681 955 743 orationibus
981 689 1123 743 monent
1146 680 1410 763 hortanturque.
1436 683 1492 746 Ci-

285 796 360 858 vilis
384 796 572 861 Germanos
596 819 674 861 suos
698 808 733 861 et
756 799 822 862 alia
846 800 949 862 docet
973 808 1026 861 et:

334 915 449 998 „Quae
484 918 655 1000 provideri
686 928 761 981 astu
793 920 889 981 ducis
920 919 1126 1000 oportuerit,
1160 920 1312 1001 provisa,
1344 941 1493 1003 campos

286 1035 464 1098 madentes
487 1045 522 1098 et
545 1038 627 1119 ipsis
650 1058 783 1119 gnaros,
808 1038 950 1120 paludes
971 1038 1126 1100 hostibus
1151 1038 1305 1102 noxias.”

331 1154 397 1216 Hic
421 1175 557 1236 quoque
583 1157 775 1238 Leopoldio
800 1158 910 1240 primo
933 1157 1083 1220 suboluit
1107 1157 1212 1233 fraus;
1239 1157 1407 1221 hactenus
1428 1181 1493 1242 per

286 1274 423 1356 longam
455 1276 666 1339 saeculorum
697 1278 819 1340 seriem
851 1298 963 1360 aequo
987 1277 1102 1339 animo
1126 1278 1275 1341 tulerunt
1301 1279 1363 1340 viri
1392 1280 1493 1342 docti

287 1403 365 1476 post
396 1407 526 1478 campos
557 1397 723 1459 madentes
754 1405 1039 1458 commemoratas
1063 1396 1213 1479 paludes,
1247 1406 1427 1480 tamquam
1463 1400 1492 1460 si

287 1514 473 1596 quidquam
498 1515 687 1577 interesset.
722 1515 821 1578 Nunc
846 1535 937 1590 ver0,
961 1515 1006 1577 ab
1030 1515 1087 1577 illo
1113 1516 1243 1591 moniti,
1268 1517 1415 1599 posthac
1440 1518 1493 1580 sic

287 1632 455 1713 legemus:
480 1653 639 1715 „campos
660 1635 838 1696 madentes
857 1642 892 1696 et
910 1634 991 1716 ipsis
1009 1654 1143 1715 gnaros,
1162 1634 1317 1698 hostibus
1330 1637 1495 1712 noxios'’,

288 1760 323 1814 et
346 1752 410 1814 sibi
435 1752 606 1815 redditum
631 1752 788 1815 Tacitum
812 1753 898 1834 grati
924 1772 1159 1834 agnoscemus.

334 1870 403 1934 Ubi
429 1872 564 1934 dicendi
589 1871 692 1934 tinem
717 1872 797 1934 fecit
821 1871 937 1934 Civilis
960 1880 1083 1952 atque:

336 2011 439 2072 „sono
467 2010 638 2054 armorum
661 1991 886 2072 tripudiisque
910 1991 969 2072 (ita
993 1990 1058 2052 illis
1083 1991 1168 2073 mos)
1192 1992 1387 2074 approbata
1410 2004 1495 2058 sunt

289 2111 391 2186 dicta,
416 2112 506 2174 saxis
528 2111 778 2193 glandibusque
802 2119 837 2173 et
860 2111 983 2173 ceteris
1008 2110 1189 2174 missilibus
1213 2112 1382 2193 proelium
1408 2114 1496 2178 inci·

290 2232 390 2312 pitur,
419 2251 530 2312 neque
554 2239 671 2293 nostro
695 2229 802 2292 milite
826 2228 986 2311 paludem
1011 2229 1224 2311 ingrediente
1248 2240 1283 2293 et
1308 2231 1495 2297 Germanis

290 2358 327 2412 ut
352 2349 513 2412 elicerent
536 2347 812 2412 lacessentibus.”

335 2469 386 2532 llli
412 2469 499 2533 male
523 2470 566 2532 sit
589 2470 646 2551 qui
671 2470 799 2551 primus
822 2470 889 2532 isto
914 2481 950 2533 ut
972 2469 1124 2532 elicerent
1147 2469 1327 2532 interiecto
1352 2470 1494 2553 elegan-

290 2591 454 2653 tissimam
479 2590 656 2671 periodum
681 2589 804 2670 (neque
828 2597 945 2651 nostro
965 2588 1072 2651 milite
1093 2588 1252 2670 paludem
1273 2590 1493 2671 ingrediente

290 2719 324 2773 et
356 2709 534 2773 Germanis
563 2708 818 2791 lacessentibus)
850 2708 1038 2790 corruperit
1069 2717 1104 2770 et
1135 2709 1275 2772 ridicule
1307 2710 1492 2792 loquacem

291 2829 389 2891 nobis
413 2828 570 2891 Tacitum
595 2827 797 2890 exhibuerit.
823 2827 911 2889 Nam
932 2826 1014 2908 quid
1035 2828 1068 2889 in
1089 2826 1154 2891 hac
1173 2829 1369 2893 narratione
1389 2832 1493 2896 laces·

289 2950 382 3014 sendi
405 2948 556 3022 verbum,
581 2947 628 3009 sic
653 2947 743 3009 nude
767 2946 927 3028 positum,
950 2946 1014 3008 sibi
1040 2946 1122 3008 velit
1146 2947 1257 3028 quivis
1281 2969 1367 3031 puer
1391 2952 1495 3016 intel·

290 3069 373 3150 ligit,
398 3087 509 3148 neque
534 3067 578 3129 ad
601 3066 749 3129 hostium
774 3064 961 3140 consilium,
990 3065 1024 3127 id
1048 3066 1223 3147 agentium
1248 3076 1284 3129 ut
1310 3069 1493 3134 Romanos

289 3191 323 3251 in
330 3187 488 3271 paludem
501 3186 652 3259 illiciant,
667 3184 913 3265 designandum
927 3182 1032 3245 ullum
1044 3183 1136 3247 aliud
1149 3187 1337 3268 excogitari
1351 3199 1494 3271 poterat

291 3306 432 3368 verbum
457 3304 604 3386 ineptius
628 3323 729 3384 quam
754 3303 865 3384 ipsum
889 3301 1038 3365 eliciendi
1060 3302 1153 3366 illud.
