3210 5274
885 375 950 442 ²50

323 541 432 604 nullos
456 540 556 604 fuisse
576 541 707 623 opinor,
728 543 788 605 sed
809 551 993 625 potuerunt
1014 544 1182 625 quaedam
1203 545 1246 606 de
1265 565 1306 607 ea
1327 565 1363 607 re
1383 546 1523 607 tradere

321 662 514 743 scriptores,
539 662 662 742 quibus
686 663 880 726 auctoribus
904 683 982 727 usus
1006 672 1058 726 est
1078 663 1227 727 Tacitus,
1241 664 1403 727 Fortasse
1417 666 1524 728 etiam

322 800 407 842 unus
442 789 477 843 et
511 780 606 855 alter,
644 782 702 862 qui
738 781 873 863 publice
907 783 951 845 ad
984 782 1082 844 sedes
1117 781 1254 844 exulum
1290 782 1526 865 inspiciendas

323 901 442 962 missus
474 909 556 975 erat,
588 901 632 963 de
663 899 770 964 Suillii
803 901 895 964 victu
928 901 1020 964 molli
1042 902 1197 965 nuntium
1222 901 1401 965 referebat.
1429 903 1526 983 Ergo

323 1027 382 1082 aut
399 1021 566 1102 fertur..
582 1066 589 1082 .
611 1020 803 1084 toleravisse
823 1020 1006 1102 legendum
1026 1031 1086 1097 est,
1107 1031 1176 1098 aut,
1190 1023 1282 1104 quod
1296 1023 1404 1104 magis
1418 1023 1526 1084 etiam

321 1137 451 1221 placet:
469 1139 652 1222 ferebatur
666 1187 673 1201 .
687 1187 695 1202 .
711 1186 718 1233 .·
742 1139 898 1204 tolerare.

368 1377 412 1439 A.
446 1377 546 1452 XIII,
573 1392 624 1461 57.
650 1379 799 1461 Ignibus
824 1387 915 1442 terra
938 1381 1048 1456 editis,
1072 1388 1142 1443 tam
1167 1380 1388 1443 vehementer
1414 1379 1526 1443 Ubio-

325 1516 399 1559 rum
427 1496 626 1560 vastabatur
648 1506 748 1572 terra,
773 1507 810 1560 ut
834 1519 945 1580 neque
969 1500 1003 1562 in
1028 1499 1191 1562 imbribus
1217 1519 1326 1580 neque
1351 1499 1385 1560 in
1411 1497 1527 1560 fluviis

322 1615 508 1697 quidquam
534 1625 623 1679 esset
645 1617 804 1681 subsidii:

371 1735 500 1814 „donec
525 1737 640 1818 inopia
665 1737 806 1800 remedii
831 1745 867 1799 et
885 1738 935 1800 Ira
954 1737 1060 1800 cladis
1072 1744 1222 1820 agrestes
1235 1736 1376 1818 quidam
1389 1737 1528 1799 eminus

322 1875 404 1917 saxa
428 1856 548 1931 iacere,
573 1856 652 1918 dein
676 1856 912 1919 resistentibus
936 1855 1080 1919 flammis
1100 1856 1239 1939 propius
1262 1855 1433 1937 suggressi
1456 1856 1527 1917 ictu

324 1972 461 2037 fustium
486 1974 626 2056 aliisque
652 1974 850 2039 verberibus
870 1984 907 2038 ut
931 1975 1018 2039 seras
1040 1973 1309 2038 absterrebant.’'

368 2092 402 2157 Si
428 2093 585 2157 flammae
605 2095 774 2170 resistunt,
799 2102 942 2176 apparet
962 2094 1074 2157 irritos
1097 2094 1198 2156 fuisse
1223 2101 1366 2157 conatus
1390 2092 1527 2174 lapides

220 2215 230 2231 ⁸
322 2213 536 2275 iacientium:
562 2215 716 2277 resistere
739 2214 831 2275 enirn
855 2222 906 2276 est
933 2213 1028 2294 „loco
1053 2233 1089 2275 se
1112 2234 1174 2276 suo
1198 2233 1266 2278 non
1292 2212 1456 2275 movere”
1483 2211 1525 2274 cs.

322 2332 417 2407 XIII,
439 2334 476 2395 6:
505 2332 705 2415 „diffugiunt
728 2333 981 2415 imprudentes:
1000 2342 1036 2396 at
1056 2332 1179 2414 quibus
1195 2332 1296 2397 altior
1315 2332 1524 2407 intellectus,

324 2453 484 2515 resistunt
516 2451 654 2515 defixi.'’
686 2452 808 2534 Neque
839 2453 998 2535 opposita
1030 2453 1119 2515 inter
1141 2473 1177 2516 se
1202 2461 1279 2516 sunt
1304 2454 1464 2516 resistere
1486 2460 1522 2514 et

317 2573 492 2655 progredi,
525 2574 585 2635 sed
618 2574 772 2636 resistere
795 2583 830 2636 et
854 2593 894 2636 ea
919 2572 1033 2647 verba,
1058 2593 1146 2654 quae
1174 2581 1423 2653 „retroversum
1450 2571 1521 2634 ire''

321 2691 523 2773 significant.
555 2692 601 2754 Et
632 2693 695 2755 nisi
722 2693 804 2759 illud
832 2693 943 2775 ipsum
968 2692 1126 2756 fecissent
1153 2693 1320 2767 flammae,
1352 2701 1389 2754 ut
1415 2701 1523 2755 retro·

321 2832 456 2875 versum
476 2813 573 2887 irent,
595 2833 769 2894 nunquam
789 2813 929 2894 propius
948 2813 1111 2875 accedere
1133 2812 1323 2895 potuissent
1336 2811 1522 2893 agricolae,

320 2932 380 2992 sed
413 2932 568 2994 ardorem
602 2933 749 2994 vitantes
780 2951 916 3013 semper
947 2932 1070 2993 eodem
1101 2932 1303 2994 mansissent
1327 2931 1521 2994 intervallo.

321 3051 460 3113 Prorsus
491 3050 698 3113 contrarium
730 3071 812 3132 ergo
842 3050 897 3112 hic
925 3051 1107 3132 requiritur
1131 3070 1233 3132 quam
1257 3050 1350 3130 quod
1376 3058 1429 3111 est
1455 3057 1521 3111 tra·

321 3170 440 3244 ditum,
465 3169 716 3251 legendumque
740 3169 961 3234 recedentibus
984 3169 1038 3232 vel
1061 3169 1287 3233 residentibus.

274 3373 280 3386 ’
367 3408 410 3470 A.
437 3408 533 3488 xlv,
558 3409 588 3470 6.
621 3408 815 3490 Agrippina
836 3409 973 3471 Insulas
996 3408 1060 3471 snt
1083 3429 1104 3471 a
1128 3407 1198 3470 nno
1222 3414 1368 3469 structas
1392 3406 1523 3479 evadit,

322 3547 390 3589 uno
414 3535 529 3589 tamen
554 3536 698 3608 accepto
724 3526 861 3589 vulnere
882 3527 973 3608 (nam
993 3546 1030 3589 se
1050 3546 1112 3609 pro
1134 3525 1189 3588 illa
1209 3522 1353 3587 interfici
1375 3524 1523 3586 anautis

322 3667 420 3728 passa
444 3655 496 3709 est
520 3647 720 3727 Acerronia)
745 3653 848 3728 atque
873 3647 906 3709 in
931 3645 1046 3708 villam
1070 3665 1165 3708 suam
1189 3645 1347 3720 insertur;

370 3766 455 3846 „illic
477 3775 637 3848 reputans
659 3766 736 3828 ideo
757 3786 792 3829 se
817 3766 992 3829 fallacibus
1016 3766 1137 3829 litteris
1161 3766 1306 3829 accitam
1330 3773 1364 3827 et
1388 3764 1523 3828 honore

322 3887 505 3966 praecipuo
541 3886 759 3947 habitam...
794 3884 980 3947 observans
1015 3886 1118 3947 etiam
1146 3884 1356 3947 Acerroniae
1388 3903 1524 3959 necem,

321 4005 419 4067 simul
454 4026 550 4067 suum
586 4004 707 4067 vulnus
742 4006 918 4086 aspiciens,
954 4005 1063 4068 solum
1100 4005 1298 4067 insidiarum
1331 4005 1524 4067 remedium

321 4145 403 4199 esse,
418 4125 444 4185 si
459 4145 524 4186 non
539 4123 832 4205 intellegerentur;
848 4126 1006 4207 misitque
1020 4125 1179 4188 libertum
1190 4124 1379 4206 Agerinum
1389 4144 1419 4185 e.
1429 4144 1464 4206 q.
1473 4123 1525 4186 s.''

367 4244 470 4305 Hiare
505 4244 602 4306 huius
636 4243 701 4306 Ioci
725 4253 927 4307 structuram
954 4244 1082 4306 dudum
1107 4252 1158 4305 est
1185 4242 1414 4317 intellectum;
1440 4263 1526 4325 ergo

320 4372 396 4445 post
428 4365 696 4446 intellegerentur
728 4363 794 4445 (vel
827 4372 904 4445 post
936 4363 1013 4445 esse)
1038 4363 1093 4427 alii
1118 4363 1187 4426 alia
1211 4363 1423 4426 Inseruerunt
1449 4365 1524 4446 (pu-
