3210 5274
797 384 860 447 208
872 341 875 347 >

227 563 311 626 tellit
334 562 473 625 libertus
493 562 666 624 Asiaticus
683 560 868 642 Polyclitos
884 563 1074 638 Patrobios,
1097 564 1247 626 Neronis
1268 562 1417 626 libertos.''

229 683 317 744 Nam
344 703 432 745 nunc
458 683 548 763 quod
571 681 680 743 solum
702 683 881 744 annotavit
902 683 1042 745 sciolus:
1072 683 1200 747 Vitellii
1219 683 1366 756 libertus,
1385 683 1418 745 ad

231 801 320 864 hunc
343 823 448 882 usque
470 802 561 863 diem
582 821 711 874 omnes,
727 809 897 882 quotquot
910 811 998 874 sunt,
1012 803 1184 865 editiones
1197 802 1419 865 commaculat.

277 923 319 985 H.
342 923 402 997 ΙΙΙ,
425 940 476 1003 23.
498 923 537 984 In
559 924 751 984 narratione
773 922 816 984 de
830 923 960 1005 proelio
972 923 1015 985 ad
1030 923 1238 986 Cremonam
1254 925 1421 986 commisso

231 1050 265 1104 et
290 1042 355 1104 alia
380 1041 537 1123 leguntur
561 1050 596 1103 et
621 1040 723 1103 haec:

280 1164 430 1244 ,Neutro
451 1162 672 1225 inclinaverat
685 1161 820 1224 fortuna
833 1162 943 1224 donec
957 1161 1074 1224 adulta
1087 1170 1190 1224 nocte
1203 1162 1286 1225 luna
1298 1183 1424 1244 surgens

233 1284 428 1345 ostenderet
459 1282 561 1344 facies
589 1281 798 1363 salleretque,
829 1282 889 1343 sed
915 1280 1087 1344 Flavianis
1110 1283 1256 1363 aequior
1279 1304 1300 1345 a
1322 1292 1422 1364 tergo,

234 1404 312 1467 hinc
337 1405 482 1466 maiores
505 1423 671 1484 equorum
695 1403 913 1485 virorumque
938 1402 1089 1483 umbrae,
1114 1412 1150 1464 et
1172 1401 1259 1465 salso
1280 1405 1349 1466 ictu
1369 1403 1424 1465 tela

235 1523 383 1585 hostium
404 1523 488 1585 citra
509 1521 696 1584 cadebant:
711 1520 886 1584 Vitelliani
907 1522 1051 1584 adverso
1072 1521 1201 1584 lumine
1215 1522 1425 1585 conlucentes

236 1642 329 1705 velut
354 1662 397 1703 ex
421 1641 556 1704 occulto
580 1640 806 1703 iaculantibus
830 1641 956 1703 incauti
981 1639 1248 1704 offerebantur.'’

283 1762 416 1834 Nonne,
442 1781 518 1822 cum
543 1761 657 1821 omnia
682 1760 736 1822 hic
760 1760 828 1822 sint
853 1760 1153 1842 praestantissima,
1179 1769 1299 1823 tamen
1321 1760 1428 1824 ceteris

239 1880 396 1944 omnibus
428 1879 615 1960 elegantius
648 1879 860 1941 enuntiatum
893 1880 1028 1941 videtur
1060 1878 1141 1941 illud
1160 1881 1261 1961 salso
1287 1882 1352 1944 ictu
1376 1880 1428 1943 tela

239 2002 381 2065 hostium
406 1999 493 2062 citra
513 1999 692 2062 cadebant?
717 1997 808 2080 Quid
833 2001 923 2062 enim
945 1999 999 2062 hic
1019 1999 1073 2062 vel
1093 2000 1136 2062 ad
1158 2001 1430 2082 perspicuitatem

241 2121 294 2183 vel
312 2122 354 2182 ad
371 2123 588 2181 'venustatem
608 2116 840 2207 desideratur?
860 2117 951 2200 Quid
969 2119 1050 2181 addi
1069 2128 1206 2201 poterat
1219 2120 1295 2182 sine
1309 2139 1431 2183 summo
1466 2144 1474 2212 ᾗ

241 2240 430 2322 elegantiae
455 2237 605 2321 periculo
628 2246 731 2320 atque
755 2240 842 2300 adeo
867 2235 1038 2319 pernicie?
1061 2237 1162 2301 Falso
1185 2240 1272 2303 ictu:
1298 2259 1432 2322 corpora

241 2361 398 2422 nimirum
423 2379 496 2421 esse
521 2358 657 2420 umbras
678 2357 750 2420 illas
771 2358 950 2440 putabant.
975 2358 1129 2422 Hoccine
1150 2360 1260 2423 voluit
1282 2359 1432 2426 Tacitus?

243 2481 321 2543 Non
341 2480 473 2562 opinor,
491 2479 569 2541 sed:
592 2477 732 2558 ,longae
752 2476 827 2539 illae
846 2478 986 2541 umbrae
1001 2479 1195 2542 efficiebant
1209 2490 1246 2543 ut
1260 2482 1306 2544 de
1319 2483 1431 2566 spatio,

242 2600 334 2682 quod
367 2601 454 2661 inter
485 2598 654 2660 exercitus
686 2605 784 2671 esset,
818 2606 853 2659 et
883 2598 927 2660 de
958 2598 1045 2673 loco,
1079 2600 1135 2661 ubi
1159 2609 1293 2664 starent
1318 2601 1433 2674 hostes,

244 2719 418 2783 Vitelliani
452 2714 716 2798 fallerentur''¹l.
754 2715 850 2779 Haec
881 2717 991 2781 Taciti
1017 2739 1112 2782 mens
1136 2718 1209 2794 suit,
1234 2723 1309 2796 sed,
1335 2723 1433 2804 qualis

235 2840 290 2902 ille
316 2859 407 2901 error
433 2837 549 2899 luisset
573 2833 762 2899 accuratius
787 2836 979 2921 describere
1004 2839 1195 2920 supersedit
1204 2866 1213 2914 3
1239 2842 1430 2915 rectissime,

237 2980 315 3023 nam
336 2960 382 3020 sic
404 2957 576 3040 praeclara
596 2957 744 3019 nascitur
764 2957 960 3038 descriptio.
986 2957 1035 3020 At
1055 2957 1153 3021 aliter
1165 2958 1307 3024 librario
1322 2963 1432 3034 visum,

238 3080 291 3142 vel
317 3080 429 3160 potius
455 3078 533 3139 viris
556 3078 677 3150 doctis,
698 3077 767 3157 qui,
788 3074 834 3138 illi
856 3076 1022 3152 obsecuti,
1042 3078 1085 3140 ad
1105 3077 1196 3141 hunc
1219 3101 1329 3163 usque
1351 3084 1432 3146 diem

238 3199 271 3260 in
304 3206 400 3260 textu
434 3196 646 3258 retinuerunt
678 3197 768 3277 (post
793 3196 902 3279 falso)
935 3196 1094 3260 insulsam
1119 3200 1383 3263 annotationem
1407 3209 1435 3264 vt

237 3319 271 3379 in
303 3328 453 3398 corpora.
493 3314 549 3376 An
584 3315 787 3378 Vitellianos
819 3315 864 3377 de
894 3316 1059 3379 industria
1091 3316 1232 3380 humum
1265 3319 1345 3382 telis
1376 3321 1435 3383 suis

241 3438 378 3519 petiisse
405 3432 583 3516 putemus?

284 3556 327 3617 H.
356 3555 416 3626 Ill,
442 3572 491 3634 31·
514 3552 683 3615 Cremona
696 3561 892 3634 expugnata
907 3552 940 3615 in
954 3554 1064 3616 victos
1077 3553 1284 3619 Vitellianos
1298 3559 1439 3621 victores

243 3673 462 3755 ,ingerebant
487 3671 622 3753 probra,
648 3670 865 3732 intentabant
886 3671 1011 3747 ictus'’;
1033 3692 1114 3734 mox
1134 3681 1251 3737 tamen
1273 3676 1323 3739 ira
1344 3680 1440 3741 cessit

241 3792 489 3855 misericordiae
515 3800 564 3852 et:

289 3910 411 3989 ,subiit
445 3910 636 3971 recordatio
669 3908 743 3970 illos
774 3929 858 3983 esse,
883 3910 940 3990 qui
965 3930 1073 3993 nuper
1098 3913 1253 3977 Bedriaci
1279 3919 1443 3983 victoriae

282 4155 306 4220 r)
323 4154 433 4217 Egregie
452 4168 504 4200 rem
522 4153 631 4200 illustrat
649 4149 715 4199 Plut.
733 4151 824 4213 Pomp.
842 4162 889 4212 32:
907 4155 938 4202 al
952 4155 1096 4207 σνναῖπολὸ
1110 4163 1160 4208 νῦν
1172 4160 1448 4225 συμέτνννΙμπροσΙιν

243 4242 371 4298 πονοῦσαν
396 4240 449 4293 τοῖς
474 4237 603 4297 πολεμίως
625 4233 769 4295 ἐπέβαλλον
792 4232 819 4280 οἷν
839 4232 982 4295 δυναμένοις
1001 4240 1032 4288 τὸ
1049 4237 1182 4303 &campa
1199 4241 1307 4293 συνιδεῖν
1325 4245 1449 4314 ἀκριβῶς,

243 4320 304 4367 ἀλλ’
328 4319 360 4372 ὡς
385 4316 408 4366 ὲν
436 4317 521 4379 χερσὶν
545 4316 588 4372 ’ἤδη
611 4318 751 4379 γεγονότων
777 4315 837 4372 τοῦς
861 4313 952 4375 ὑσσοὺς
974 4318 1081 4381 ἀφέντες
1105 4323 1189 4383 μάτην
1205 4323 1303 4384 oldad<
1320 4324 1446 4389 totum.

243 4404 347 4451 Dixeris
368 4404 409 4450 hic
429 4419 444 4450 n
467 4401 604 4450 Plutarcho
623 4402 688 4450 verti
707 4401 793 4449 locum
812 4400 955 4468 Taciteum,
974 4405 1078 4468 qualern
1097 4423 1147 4472 ego
1165 4411 1303 4474 proposui.
