3210 5274
747 392 806 458 117

173 554 297 635 Neque
316 561 433 616 tamen
454 551 545 616 nulla
566 560 617 616 est
638 553 865 628 coniecturae,
878 575 980 635 quam
995 552 1135 635 protulit
1148 550 1213 626 ille,
1228 551 1371 613 utilitas:

170 673 363 737 accuratius
398 672 488 735 enim
525 671 635 734 Taciti
672 672 777 736 verba
813 674 1025 755 perpendere
1057 673 1149 753 cogit
1180 670 1246 744 illa,
1278 671 1371 752 quod

169 812 248 855 cum
274 791 427 866 facimus
452 791 506 853 hic
531 791 668 854 demum
695 791 789 854 locus
812 811 874 853 nos
899 811 968 853 rem
993 791 1165 872 quandam
1190 789 1312 852 edocet
1337 798 1371 852 et

167 920 304 975 tautum
338 930 406 974 non
438 919 520 974 ante
552 910 668 974 oculos
692 912 800 993 ponit,
826 931 928 993 quam
953 911 1040 973 bene
1065 918 1181 972 tenere
1206 909 1372 972 debemus

168 1031 305 1113 quoties
325 1033 368 1093 de
388 1029 580 1112 legionibus
602 1030 765 1094 Romanis
786 1031 885 1093 nobis
907 1038 1060 1092 narratur
1080 1029 1218 1110 aliquid.
1233 1029 1369 1091 Etenim

168 1152 308 1214 territus
338 1150 506 1214 Lentulus
537 1159 647 1214 castra
679 1150 821 1213 hiberna
846 1169 913 1212 non
931 1151 1018 1233 petit
1040 1148 1099 1211 sed
1126 1150 1253 1231 repetit.
1278 1148 1370 1230 Ergo

170 1291 215 1333 ex
240 1271 391 1334 hibernis
414 1278 556 1333 venerat
580 1278 614 1332 et
639 1289 715 1332 cum
740 1270 888 1331 maxime
913 1269 946 1331 in
967 1269 1102 1331 aestivis
1121 1268 1211 1348 (nam
1234 1268 1369 1330 missam

172 1392 240 1453 iam
265 1389 407 1452 facimus
431 1388 557 1453 Sirkeri
582 1389 826 1470 coniecturam)
851 1388 881 1450 ei
907 1388 1048 1450 exitium
1074 1388 1255 1462 minantur,
1275 1408 1371 1450 saxa·

172 1529 240 1590 que
264 1509 299 1571 in
323 1529 400 1571 eum
433 1508 560 1571 iaciunt
586 1507 718 1570 milites.
744 1507 913 1588 Refugere
939 1526 1027 1569 nunc
1052 1527 1092 1569 eo
1116 1507 1206 1569 unde
1230 1515 1370 1568 venerat

170 1636 337 1691 conatur.
352 1677 359 1691 .
374 1629 451 1690 ..in
477 1628 629 1691 hiberna.
656 1628 759 1690 Hisce
784 1627 942 1689 omnibus
963 1614 1051 1689 bene
1071 1625 1252 1689 intellectis
1271 1627 1369 1689 simul

169 1748 269 1810 nobis
301 1767 404 1829 quarn
437 1748 585 1810 maxime
618 1747 656 1811 fit
685 1748 899 1830 perspicuum
925 1747 1013 1809 inter
1036 1754 1146 1809 castra
1169 1745 1311 1808 hiberna
1335 1755 1369 1808 et

169 1876 280 1930 castra
311 1868 442 1930 aestiva
465 1887 553 1948 quae
578 1867 767 1937 intercedat
791 1866 888 1929 rati0.
915 1866 953 1928 ln
978 1865 1154 1947 provincia
1178 1886 1244 1927 non
1270 1866 1369 1927 nimis

168 1986 270 2068 longe
294 2007 315 2049 a
339 1985 462 2049 linibus
494 1985 644 2048 hostium
675 1985 827 2067 legiones
857 1986 949 2049 urbis
979 1986 1083 2048 instar
1108 1985 1235 2047 habent
1260 1993 1370 2048 castra

169 2107 328 2170 hiberna:
354 2108 400 2169 ibi
425 2128 542 2170 eorum
568 2116 619 2170 est
639 2107 859 2182 domicilium,
880 2107 1042 2188 quamdiu
1064 2105 1189 2169 bellum
1212 2126 1279 2168 non
1300 2115 1367 2180 est;

169 2247 188 2290 a
213 2226 377 2289 ministris
409 2225 610 2289 militaribus
641 2247 681 2290 ea
713 2227 792 2290 urbs
823 2246 958 2308 semper
989 2226 1147 2288 incolitur
1170 2234 1204 2287 et
1227 2225 1271 2288 ab
1296 2225 1370 2287 aliis

170 2345 376 2420 bominibus,
408 2365 553 2428 quorum
586 2366 690 2427 opera
721 2345 864 2408 efficitur
896 2355 932 2408 ut
964 2346 1021 2427 qui
1049 2366 1090 2408 eo
1114 2345 1254 2408 advenit
1278 2366 1368 2407 com·

171 2466 275 2528 mode
299 2465 333 2527 in
358 2465 414 2528 illa
438 2465 520 2528 urbe
545 2465 669 2546 degere
693 2467 855 2546 quamdiu
880 2466 963 2529 libet
989 2467 1105 2548 possit.
1132 2465 1184 2528 Eo
1208 2486 1289 2547 ergo
1311 2487 1369 2528 no·

169 2584 256 2647 biles
280 2583 445 2659 homineS,
471 2585 596 2666 quiex
621 2584 703 2646 urbe
728 2585 770 2647 ad
796 2585 983 2647 exercitum
1009 2586 1198 2660 mittuntur,
1224 2593 1259 2647 ut
1285 2585 1368 2646 mili-

168 2711 242 2767 tum
275 2703 407 2767 animos
436 2712 645 2786 cognoscant
669 2704 785 2768 aliisve
810 2706 853 2767 de
878 2705 996 2779 causis,
1021 2726 1056 2767 se
1081 2714 1295 2780 convertunt,
1320 2705 1367 2768 ibi

169 2823 403 2886 deversantur.
427 2823 477 2886 Ar
501 2843 578 2886 cum
604 2824 728 2888 milites
751 2825 794 2887 ad
819 2825 1076 2906 expeditionem
1098 2824 1366 2906 proficiscuntur,

170 2961 278 3024 prope
310 2941 454 3018 hostem,
488 2944 591 3005 modo
623 2943 677 3006 hic
707 2944 811 3006 modo
835 2942 912 3019 illic,
938 2952 1046 3006 castra
1071 2951 1202 3025 ponunt
1226 2943 1365 3018 aestiva,

172 3079 258 3140 quae
292 3063 592 3145 appropinquante
629 3063 740 3125 hicme
776 3061 957 3138 tolluntur;
1000 3062 1102 3144 legati
1139 3083 1220 3145 ergo
1256 3064 1366 3126 Roma

172 3179 272 3255 missi,
305 3200 383 3244 curn
414 3182 673 3264 expeditionum
705 3191 861 3264 tempore
894 3183 1009 3245 videre
1034 3191 1068 3244 et
1092 3182 1217 3264 alloqui
1243 3183 1366 3244 milites

160 3300 299 3376 uolunt,
325 3320 368 3362 ex
391 3300 551 3376 hibernis
576 3301 633 3364 ubi
657 3303 890 3376 deversantur,
915 3321 951 3363 se
971 3301 1150 3364 conserunt
1170 3303 1203 3364 in
1225 3303 1364 3376 aestiva,

137 3419 227 3481 sed
263 3419 377 3482 officio
412 3440 473 3482 suo
508 3420 613 3483 iuncti
643 3421 759 3483 statim
792 3442 888 3483 suum
919 3420 994 3494 sibi,
1026 3421 1118 3502 quod
1151 3422 1183 3483 in
1216 3420 1365 3484 hibernis

135 3530 308 3613 habent,
340 3538 566 3603 deversorium
597 3550 764 3623 repetunt:
794 3540 884 3602 idern
910 3541 1009 3602 miser
1033 3539 1088 3602 ille
1113 3539 1173 3604 Cn.
1199 3540 1364 3603 Lentulus

124 3647 277 3720 ficere
302 3666 457 3739 conatur,
482 3657 549 3720 heu
573 3664 665 3721 sero!

203 3773 292 3840 Non
318 3784 389 3840 tam
414 3777 512 3840 facile
536 3798 590 3841 me
614 3780 763 3861 expedio
787 3799 831 3841 ex
855 3779 1064 3854 difficultate,
1089 3799 1192 3860 quam
1212 3781 1363 3844 eiusdem

124 3883 242 3958 ibri
267 3916 296 3959 c.
323 3897 364 3977 38
389 3897 545 3982 praebet,
569 3905 627 3960 aut
651 3898 678 3961 si
705 3917 758 3960 me
783 3898 862 3959 inde
882 3899 1040 3979 expedio,
1061 3897 1219 3962 Tacitum
1239 3901 1364 3981 gravis·

124 4000 253 4078 ‘imo
286 4015 428 4079 crimine
452 4016 608 4079 involvo:
638 4016 872 4080 incredibilem
898 4018 988 4079 enim
1012 4018 1056 4080 ab
1080 4038 1122 4080 eo
1146 4019 1362 4081 commissum

124 4134 317 4196 3¹’rorem
351 4155 467 4216 argu0,
503 4155 572 4217 quo
608 4136 692 4198 situs
726 4145 760 4198 et
792 4134 909 4218 populi
942 4135 1144 4200 Germaniae
1176 4140 1297 4201 mirum
1330 4139 1362 4201 in

124 4251 309 4315 modum
336 4253 586 4335 perturbentur.
612 4255 650 4316 In
678 4253 820 4319 Chaucis
842 4254 1007 4317 vexillarii
1033 4255 1238 4320 discordium
1259 4257 1362 4341 legio-

126 4366 252 4431 num
282 4371 488 4452 praesidium
521 4374 651 4455 agitant
661 4400 669 4448 ;
702 4393 788 4454 quos
820 4373 866 4455 (et
898 4375 999 4456 ipsos,
1025 4384 1061 4436 ut
1084 4377 1215 4458 opinor,
1241 4378 1363 4441 tumul·
