3292 5280
804 376 862 441 123

234 559 333 602 verso
354 547 390 601 ut
413 546 553 621 repente
573 539 714 621 remigio
734 540 812 602 hinc
829 539 882 601 vel
896 538 986 601 illinc
999 538 1242 621 appellerent”.
1256 538 1428 621 Appellere

233 658 288 721 hic
322 677 389 720 non
421 665 472 720 est
507 657 697 740 „appellere
729 660 772 721 ad
799 657 915 721 littus”
939 659 998 720 sed
1028 658 1199 739 ,dirigere
1225 677 1426 739 cursumque

233 776 404 840 flectere”.
437 776 487 841 cf.
521 776 564 839 H.
598 777 657 851 111,
689 792 732 859 47
764 777 821 839 ubi
853 777 974 839 eadem
1004 797 1057 839 res
1080 777 1202 840 eodem
1226 776 1427 839 describitur

234 897 356 959 modo:
392 897 483 979 „pari
516 897 686 978 utrimque
719 917 818 979 prora
850 905 885 959 et
916 895 1070 960 mutabili
1106 897 1256 978 remigi0,
1289 897 1427 978 quando

233 1019 312 1081 hinc
344 1017 397 1080 vel
431 1017 520 1080 illinc
552 1017 723 1100 appellere
748 1017 967 1079 indiscretum
992 1025 1026 1079 et
1051 1017 1226 1078 innoxium
1250 1015 1333 1077 est‘’.
1358 1014 1426 1079 Sed

232 1137 316 1220 quid
342 1137 484 1200 navibus
513 1156 598 1218 opus
621 1137 674 1211 sit,
699 1156 786 1218 quae
811 1145 881 1199 tam
906 1134 1003 1199 facile
1028 1155 1160 1199 cursum
1184 1144 1314 1198 mutare
1338 1134 1427 1196 subi-

233 1264 349 1337 toque,
381 1275 458 1318 cum
490 1276 576 1338 opus
607 1264 668 1330 est,
701 1256 734 1317 in
760 1254 964 1317 contrariam
989 1255 1103 1317 volare
1127 1263 1260 1335 partem
1283 1253 1425 1336 possint,

233 1394 310 1437 cum
334 1383 448 1437 tamen
474 1394 542 1437 non
565 1375 608 1437 ad
634 1373 799 1456 proelium
824 1372 942 1436 navale
967 1373 1147 1437 mittuntur
1170 1373 1229 1435 sed
1254 1373 1297 1434 ad
1319 1381 1427 1435 trans-

233 1495 422 1576 portandos
454 1492 577 1556 milites
607 1502 916 1575 commeatumque,
944 1493 1036 1556 dicat
1059 1493 1117 1574 qui
1141 1491 1318 1574 intelligat.
1343 1492 1426 1555 For·

233 1620 323 1675 tasse
348 1612 402 1675 hic
426 1622 542 1677 tamen
567 1613 609 1676 de
634 1632 727 1674 more
752 1612 890 1675 Tacitus
915 1632 996 1688 rem,
1021 1633 1090 1694 quo
1115 1612 1222 1693 magis
1246 1611 1341 1674 fieret
1367 1612 1426 1673 mi-

232 1732 358 1806 rabilis,
382 1732 590 1815 amplificare
613 1733 763 1808 studens
788 1740 1026 1795 ornamentum
1048 1732 1187 1813 aliquod
1211 1731 1344 1794 addidit
1366 1732 1426 1793 im·

231 1851 383 1934 prudens
406 1853 600 1934 invitusque
623 1853 715 1934 quod
741 1852 785 1915 ab
809 1853 873 1915 hoc
898 1852 974 1915 loco
1000 1871 1135 1934 prorsus
1158 1859 1247 1914 esset
1267 1850 1424 1913 alienum.

232 1970 285 2032 De
311 1971 412 2033 rebus
435 1971 479 2033 ab
503 1972 577 2054 ipso
599 1960 802 2036 Germanico
823 1978 901 2053 post
922 1972 1041 2034 miram
1061 1970 1152 2033 illam
1173 1970 1425 2051 navigationem

230 2090 337 2171 gestis
361 2089 546 2153 videamus.
571 2111 600 2153 c.
626 2093 656 2153 8.

281 2256 386 2288 „....
411 2209 503 2273 lacus
534 2210 613 2272 inde
645 2219 679 2272 et
710 2210 885 2274 Oceanum
910 2210 1081 2292 usquead
1108 2208 1275 2271 Amisiam
1300 2208 1425 2270 flumen

231 2330 384 2393 secunda
415 2331 630 2413 navigatione
664 2331 869 2413 pervehitur.
902 2330 1025 2395 Classis
1055 2330 1205 2393 Amisiae
1229 2351 1287 2392 ore
1312 2329 1428 2392 relicta

232 2448 332 2511 laevo
365 2469 480 2526 amne;
515 2459 731 2533 erratumque
758 2451 792 2513 in
816 2471 857 2513 eo
881 2453 973 2532 quod
1000 2472 1067 2513 non
1091 2450 1250 2513 subvexit
1274 2459 1427 2532 transpo-

230 2569 298 2630 suit
319 2569 461 2631 militem
483 2570 622 2632 dextras
643 2570 676 2632 in
689 2579 795 2632 terras
808 2570 949 2632 iturum:
971 2570 1018 2631 ita
1032 2569 1144 2651 plures
1156 2569 1229 2632 dies
1241 2570 1427 2632 efficiendis

229 2689 394 2771 pontibus
418 2689 624 2771 absumpti”.

274 2808 408 2870 Vocem
431 2829 489 2871 ore
510 2809 643 2871 addidit
668 2808 919 2890 Nipperdeyns,
944 2816 1035 2870 recte
1059 2817 1095 2870 ut
1115 2810 1253 2891 opinor;
1273 2809 1425 2873 subvexit

227 2929 437 3010 transposuit
467 2928 641 3010 quomodo
669 2929 890 2991 emendemus
914 2948 1033 3010 parum
1057 2927 1169 3003 refert,
1194 2929 1309 2991 omnia
1332 2929 1422 2991 enim

229 3046 284 3109 hic
305 3047 387 3109 satis
406 3056 484 3109 sunt
505 3048 692 3129 perspicua,
713 3046 901 3110 dummodo
921 3045 986 3108 hoc
1006 3055 1183 3110 teneamus
1195 3047 1300 3110 verba
1305 3048 1424 3131 plures

229 3165 302 3228 dus
331 3165 506 3246 efficiendis
529 3166 684 3250 pontibus
713 3167 880 3250 absumpti
908 3167 962 3229 hic
995 3167 1105 3249 posita
1137 3188 1209 3230 esse
1240 3177 1277 3230 ut
1307 3170 1422 3231 statim

230 3285 414 3348 verborum
437 3297 652 3367 erratumque
675 3306 704 3348 e.
718 3306 750 3367 q.
765 3306 789 3348 s
815 3286 901 3349 ratio
925 3286 1132 3360 redderetur,
1158 3306 1236 3348 nam
1257 3287 1290 3349 in
1311 3308 1422 3350 rerum

227 3412 402 3486 gestarum
434 3406 553 3469 ordine
584 3404 666 3468 illud
699 3404 761 3468 fuit
792 3404 965 3480 ultimum;
995 3405 1227 3469 huiuscemodi
1251 3406 1342 3468 enim
1366 3406 1422 3469 ille

226 3524 316 3587 ordo
340 3524 419 3587 suit:

168 3635 171 3640 ’
271 3666 305 3707 a.
331 3645 369 3706 In
393 3664 451 3707 ore
474 3644 627 3708 Amisiae
651 3646 694 3707 ad
720 3645 827 3727 ripam
851 3644 1020 3707 sinistram
1044 3642 1220 3725 appellunt
1244 3664 1356 3706 naves.

271 3764 301 3826 b.
326 3763 377 3825 Ibi
412 3766 600 3826 escendunt
632 3765 765 3838 milites,
797 3784 940 3845 quorum
973 3772 1087 3826 tamen
1119 3762 1281 3839 nonnulli,
1313 3764 1418 3846 prius·

327 3903 429 3964 quam
454 3891 578 3946 terram
602 3892 768 3959 tenerent,
793 3883 903 3947 hausti
927 3891 1016 3948 sunt.

270 4022 297 4064 c.
323 4002 412 4085 Ripa
435 4003 568 4067 sinistra
592 4002 799 4085 aliquamdiu
825 4005 947 4066 milites
971 4004 1034 4065 iter
1057 4003 1194 4066 iaciunt.

271 4121 305 4184 d.
330 4122 456 4184 Pontes
480 4121 565 4184 liunt
590 4131 626 4185 ut
650 4121 816 4204 reliquum
841 4123 904 4184 iter
928 4123 1049 4185 dextra
1074 4123 1180 4205 possit
1205 4122 1276 4184 fieri
1301 4125 1382 4205 ripa.

272 4241 369 4304 Haec
393 4249 519 4316 tamen,
540 4262 747 4324 quamquam
767 4241 915 4324 aliquam
936 4242 1110 4323 requirunt
1130 4241 1417 4323 explanationem,

223 4382 245 4424 a
275 4360 399 4424 Tacito
431 4382 499 4424 non
534 4362 632 4424 nimis
663 4371 819 4426 contorte
852 4362 1038 4425 obscureve
1070 4370 1147 4426 sunt
1179 4372 1322 4427 narrata.
1348 4360 1415 4426 Sed
