3292 5280
820 400 881 447 100

248 567 363 629 odium
395 565 563 647 privatam
595 565 738 644 gratiam
771 571 967 647 praeparat;
997 561 1086 624 unde
1112 560 1204 623 nulla
1228 561 1441 623 innocentiae

248 706 338 759 cura,
362 685 422 746 sed
448 683 539 746 vices
564 682 808 765 impunitatis”.

293 805 471 869 Sententia
486 803 570 866 haec
587 811 654 866 est:
674 804 795 866 Vinius
808 840 849 850 —
863 822 1065 884 quacunque
1079 801 1219 864 tandem
1233 801 1278 862 de
1291 820 1391 863 causa
1403 837 1441 845 -

248 945 386 1007 parcere
418 923 587 1005 Tigellino
619 923 773 998 volebat;
806 923 964 986 utebatur
995 942 1076 1003 ergo
1099 942 1158 984 sua
1181 922 1275 1003 apud
1302 921 1440 984 Galbam

248 1045 356 1125 gratia
388 1052 692 1125 argumentumque
724 1042 838 1105 attulit
865 1042 1050 1125 speciosius
1073 1061 1175 1123 quam
1200 1041 1315 1103 verius
1339 1042 1441 1123 (prae-

248 1164 400 1245 texebat)
422 1163 551 1226 Galbae
572 1162 674 1225 filiam
695 1183 715 1225 a
730 1162 899 1244 Tigellino
916 1170 1103 1236 servatam;
1120 1168 1156 1222 et
1172 1167 1371 1223 servaverat
1386 1159 1440 1221 sed

248 1285 315 1347 suis
343 1283 553 1366 prospiciens
576 1282 775 1345 commodis.
802 1282 856 1346 Sic
882 1281 959 1343 mali
984 1280 1139 1344 homines
1162 1299 1301 1362 semper
1324 1288 1441 1361 agunt:

249 1425 325 1466 cum
358 1423 469 1466 rerum
503 1413 658 1465 metuunt
691 1403 958 1476 conversionem,
986 1420 1073 1482 quae
1097 1419 1177 1462 suae
1201 1399 1244 1461 sit
1270 1400 1443 1481 potentiae

249 1523 352 1585 linem
384 1522 535 1595 allatura,
561 1524 722 1584 adversus
747 1520 919 1603 publicum
944 1521 1060 1583 odium
1085 1520 1254 1602 privatam
1280 1527 1443 1600 quaerunt

248 1643 402 1724 gratiam.
423 1642 598 1704 Eiusmodi
615 1641 759 1704 consiliis
779 1642 893 1723 (unde)
914 1641 1068 1702 homines
1085 1659 1152 1702 non
1170 1660 1192 1702 a
1207 1638 1297 1701 male
1312 1639 1442 1720 agendo

249 1764 436 1825 retinentur
456 1767 548 1843 (cura
568 1762 795 1843 innocentiae)
816 1762 875 1823 sed
897 1761 985 1823 inter
1003 1767 1177 1843 separant
1195 1760 1442 1842 impunitatem.

249 1882 468 1945 Intellexerat
492 1881 678 1962 Tigellinus
702 1882 745 1943 ad
771 1881 899 1943 exitum
925 1900 1064 1962 vergere
1089 1879 1235 1941 Neronis
1256 1879 1443 1961 imperium,

249 2011 283 2065 et
315 2003 513 2084 praesertim
545 2023 564 2063 a
597 2002 705 2064 Galba
736 2003 861 2064 instare
895 2000 1090 2083 periculum.
1123 1998 1201 2062 Non
1233 1998 1293 2062 illa
1318 1999 1444 2062 Galbae

250 2122 316 2185 filia
341 2143 429 2184 nunc
454 2132 627 2204 tamquam
650 2122 742 2204 pacis
763 2123 867 2184 utitur
888 2122 1039 2204 pignore,
1062 2140 1171 2201 neque
1192 2119 1260 2182 iam
1283 2128 1387 2182 antea
1405 2120 1444 2181 de

249 2242 305 2304 illa
337 2263 464 2324 poenas
495 2243 598 2304 sumit
626 2262 740 2304 earum
766 2262 885 2315 rerum,
911 2261 998 2323 quae
1023 2241 1065 2304 de
1090 2248 1186 2322 patre
1211 2240 1284 2302 eius
1308 2260 1445 2322 exspec-

250 2371 365 2424 tantur
389 2365 503 2444 (atque
528 2363 561 2424 id
587 2383 653 2424 non
679 2361 788 2424 solum
811 2361 1056 2443 permittebant
1075 2359 1236 2441 antiquae
1257 2360 1444 2442 opiniones,

249 2484 309 2545 sed
335 2484 436 2545 etiam
462 2482 676 2564 Tigellinum,
700 2482 727 2543 si
752 2501 787 2543 se
813 2480 947 2543 fidelem
969 2480 1114 2543 Neronis
1133 2480 1263 2542 socium
1284 2481 1445 2562 praebere

252 2605 420 2677 voluisset,
446 2603 591 2665 decebat
617 2601 721 2683 illud),
746 2602 805 2663 sed
831 2602 897 2662 iam
921 2608 1022 2662 antea
1047 2598 1186 2673 Galbae,
1208 2619 1304 2662 arma
1328 2607 1444 2662 contra

251 2726 488 2807 imperatorem
514 2722 676 2796 moventi,
702 2721 940 2803 impunitatem
967 2719 1145 2800 praestitit,
1170 2738 1274 2801 quam
1299 2719 1443 2782 invicem

250 2845 293 2906 ab
318 2845 374 2906 illo
394 2865 430 2905 se
451 2852 670 2925 accepturum
691 2840 859 2923 sperabat.
882 2840 931 2901 At
950 2839 1048 2902 aliter
1068 2859 1120 2901 res
1139 2839 1279 2901 cecidit:
1302 2839 1444 2922 populus

250 2964 340 3025 enim
373 2963 501 3024 dudum
533 2961 701 3042 Tigellino
733 2960 883 3034 infestus,
916 2978 992 3020 cum
1025 2958 1157 3021 videret
1181 2958 1293 3022 inviso
1318 2959 1442 3022 homini

250 3082 410 3143 auxilium
436 3080 512 3142 ferri
537 3101 557 3142 a
582 3080 695 3154 Vinio,
721 3080 777 3161 qui
803 3087 838 3140 et
862 3080 934 3160 ipse
955 3077 1019 3141 hoc
1040 3086 1195 3160 tempore
1216 3079 1250 3139 in
1272 3078 1443 3160 publicum

250 3201 433 3262 incurrerat
454 3200 580 3273 odium,
601 3220 642 3261 eo
660 3199 864 3281 pertinacius
881 3197 1037 3279 Tigellini
1056 3197 1240 3280 perniciem
1259 3195 1444 3280 flagitabat.

295 3319 337 3381 H.
363 3320 406 3393 II,
430 3334 484 3399 45.
518 3319 684 3381 Enarrato
717 3319 856 3401 proeli0,
890 3337 958 3398 quo
990 3316 1176 3381 Othoniani
1204 3336 1225 3379 a
1254 3317 1445 3380 Vitellianis

249 3441 295 3502 ita
327 3449 404 3502 sunt
435 3438 605 3522 profligati
637 3449 673 3500 ut
706 3441 777 3520 ipse
805 3435 897 3500 Otho
921 3458 980 3499 sua
1004 3436 1067 3499 sibi
1092 3456 1194 3499 manu
1219 3438 1443 3501 conscisceret

248 3571 403 3635 mortem,
427 3561 474 3622 sic
500 3562 609 3641 pergit
634 3560 790 3621 Tacitus:

295 3681 363 3759 ,At
392 3680 594 3742 Vitellianus
618 3681 786 3742 exercitus
810 3680 853 3742 ad
879 3679 1035 3760 quintum
1059 3698 1079 3740 a
1104 3678 1269 3741 Bedriaco
1294 3677 1440 3761 lapidem

247 3801 411 3874 consedit,
438 3821 504 3861 non
529 3799 617 3861 ausis
641 3800 762 3861 eadem
787 3800 840 3862 die
866 3797 1156 3880 obpugnationem
1181 3797 1404 3861 castrorum.”

292 3921 402 3984 Ceteri
436 3921 584 3982 editores
615 3941 682 4001 quo
715 3922 818 3983 modo
850 3921 1005 4001 accipere
1036 3918 1120 3981 haec
1152 3917 1286 3981 soleant
1318 3919 1439 3991 nescio,

248 4042 328 4104 nihil
353 4042 443 4102 enim
469 4050 645 4114 annotant,
670 4042 729 4103 sed
756 4049 871 4102 metuo
893 4061 934 4101 ne
957 4039 1080 4101 multos
1101 4057 1217 4100 eorum
1238 4038 1272 4099 in
1294 4058 1438 4101 errorem

247 4162 418 4225 induxerit
442 4171 477 4222 et
502 4182 543 4222 ne
568 4162 720 4242 legentes
744 4163 845 4222 etiam
871 4160 903 4221 in
930 4179 1077 4221 errorem
1102 4158 1241 4220 inducat
1262 4157 1439 4240 plerosque

247 4283 329 4344 haec
355 4281 470 4345 Orellii
492 4283 680 4355 annotati0,
701 4302 768 4363 qua
790 4280 870 4342 nihil
893 4281 971 4341 novi
993 4278 1198 4361 perversius:
1223 4291 1439 4362 ,castrnrunn

248 4422 313 4462 non
334 4401 464 4463 illorum
486 4422 573 4482 quae
593 4421 620 4462 c.
641 4420 681 4482 39
698 4397 1040 4463 cornnremorantur”.
1057 4397 1177 4480 Capite
1193 4398 1286 4461 enim
1305 4399 1439 4480 39haec
