<?xml version="1.0" encoding="UTF-8"?>
<!DOCTYPE html PUBLIC "-//W3C//DTD XHTML 1.0 Transitional//EN"
    "http://www.w3.org/TR/xhtml1/DTD/xhtml1-transitional.dtd">
<html xmlns="http://www.w3.org/1999/xhtml" xml:lang="en" lang="en">
 <head>
  <title>
</title>
<meta http-equiv="Content-Type" content="text/html;charset=utf-8" />
  <meta name='ocr-system' content='tesseract 3.04.00' />
  <meta name='ocr-capabilities' content='ocr_page ocr_carea ocr_par ocr_line ocrx_word'/>
</head>
<body>
  <div class='ocr_page' id='page_1' title='image "./analectatacitea00hartgoog_0087.png"; bbox 0 0 3292 5280; ppageno 0'>
   <div class='ocr_carea' id='block_1_1' title="bbox 835 372 879 454">
    <p class='ocr_par' dir='ltr' id='par_1_1' title="bbox 835 372 879 454">
     <span class='ocr_line' id='line_1_1' title="bbox 835 372 879 454; baseline 0 -20"><span class='ocrx_word' id='word_1_1' title='bbox 835 372 879 454; x_wconf 90' lang='lat'>76</span> 
     </span>
    </p>
   </div>
   <div class='ocr_carea' id='block_1_2' title="bbox 261 549 1455 869">
    <p class='ocr_par' dir='ltr' id='par_1_2' title="bbox 261 549 1455 869">
     <span class='ocr_line' id='line_1_2' title="bbox 307 549 1455 633; baseline -0.002 -18"><span class='ocrx_word' id='word_1_2' title='bbox 307 552 372 615; x_wconf 91' lang='lat' dir='ltr'>Hic</span> <span class='ocrx_word' id='word_1_3' title='bbox 403 550 607 614; x_wconf 83' lang='lat' dir='ltr'><em>attinebatur</em></span> <span class='ocrx_word' id='word_1_4' title='bbox 638 550 685 611; x_wconf 91' lang='lat' dir='ltr'>sic</span> <span class='ocrx_word' id='word_1_5' title='bbox 710 550 859 633; x_wconf 85' lang='lat' dir='ltr'>explicat</span> <span class='ocrx_word' id='word_1_6' title='bbox 882 549 1080 612; x_wconf 90' lang='lat' dir='ltr'>Furneaux:</span> <span class='ocrx_word' id='word_1_7' title='bbox 1109 549 1364 632; x_wconf 84' lang='lat' dir='ltr'>,deprehensus</span> <span class='ocrx_word' id='word_1_8' title='bbox 1388 561 1455 615; x_wconf 89' lang='lat' dir='ltr'>erat</span> 
     </span>
     <span class='ocr_line' id='line_1_3' title="bbox 261 668 1455 752; baseline -0.001 -19"><span class='ocrx_word' id='word_1_9' title='bbox 261 680 295 733; x_wconf 89' lang='lat' dir='ltr'>et</span> <span class='ocrx_word' id='word_1_10' title='bbox 320 668 607 744; x_wconf 89' lang='lat' dir='ltr'>custodiebatur’‘,</span> <span class='ocrx_word' id='word_1_11' title='bbox 633 689 751 751; x_wconf 90' lang='lat' dir='ltr'>parum</span> <span class='ocrx_word' id='word_1_12' title='bbox 776 679 877 743; x_wconf 90' lang='lat' dir='ltr'>recte,</span> <span class='ocrx_word' id='word_1_13' title='bbox 901 670 928 732; x_wconf 91' lang='lat' dir='ltr'>si</span> <span class='ocrx_word' id='word_1_14' title='bbox 953 670 1035 752; x_wconf 91' lang='lat' dir='ltr'>quid</span> <span class='ocrx_word' id='word_1_15' title='bbox 1061 668 1172 732; x_wconf 89' lang='lat' dir='ltr'>video.</span> <span class='ocrx_word' id='word_1_16' title='bbox 1198 669 1278 732; x_wconf 93' lang='lat' dir='ltr'>Non</span> <span class='ocrx_word' id='word_1_17' title='bbox 1300 671 1393 733; x_wconf 88' lang='lat' dir='ltr'>enIm</span> <span class='ocrx_word' id='word_1_18' title='bbox 1411 672 1455 733; x_wconf 91' lang='lat' dir='ltr'>sic</span> 
     </span>
     <span class='ocr_line' id='line_1_4' title="bbox 261 788 1455 869; baseline 0 -17"><span class='ocrx_word' id='word_1_19' title='bbox 261 791 351 852; x_wconf 91' lang='lat' dir='ltr'>nude</span> <span class='ocrx_word' id='word_1_20' title='bbox 371 789 510 853; x_wconf 83' lang='lat' dir='ltr'>attineri</span> <span class='ocrx_word' id='word_1_21' title='bbox 529 788 651 850; x_wconf 91' lang='lat' dir='ltr'>dicitur</span> <span class='ocrx_word' id='word_1_22' title='bbox 671 789 728 868; x_wconf 93' lang='lat' dir='ltr'>qui</span> <span class='ocrx_word' id='word_1_23' title='bbox 750 788 877 864; x_wconf 92' lang='lat' dir='ltr'>vinclis,</span> <span class='ocrx_word' id='word_1_24' title='bbox 898 808 1043 863; x_wconf 86' lang='lat' dir='ltr'>carcere,</span> <span class='ocrx_word' id='word_1_25' title='bbox 1062 788 1217 851; x_wconf 92' lang='lat' dir='ltr'>custodia</span> <span class='ocrx_word' id='word_1_26' title='bbox 1237 796 1416 853; x_wconf 69' lang='lat' dir='ltr'>coercetur</span> <span class='ocrx_word' id='word_1_27' title='bbox 1427 788 1455 869; x_wconf 87' lang='lat'>¹),</span> 
     </span>
    </p>
   </div>
   <div class='ocr_carea' id='block_1_3' title="bbox 260 907 1455 993">
    <p class='ocr_par' dir='ltr' id='par_1_3' title="bbox 260 907 1455 993">
     <span class='ocr_line' id='line_1_5' title="bbox 260 907 1455 993; baseline 0 -21"><span class='ocrx_word' id='word_1_28' title='bbox 260 909 319 972; x_wconf 91' lang='lat' dir='ltr'>sed</span> <span class='ocrx_word' id='word_1_29' title='bbox 357 909 393 984; x_wconf 89' lang='lat' dir='ltr'>is,</span> <span class='ocrx_word' id='word_1_30' title='bbox 430 909 483 970; x_wconf 97' lang='lat' dir='ltr'>cui</span> <span class='ocrx_word' id='word_1_31' title='bbox 515 927 629 970; x_wconf 90' lang='lat' dir='ltr'>morae</span> <span class='ocrx_word' id='word_1_32' title='bbox 660 907 788 990; x_wconf 91' lang='lat' dir='ltr'>aliquid</span> <span class='ocrx_word' id='word_1_33' title='bbox 821 909 942 972; x_wconf 89' lang='lat' dir='ltr'>incidit</span> <span class='ocrx_word' id='word_1_34' title='bbox 975 909 1156 990; x_wconf 89' lang='lat' dir='ltr'>quominus</span> <span class='ocrx_word' id='word_1_35' title='bbox 1187 909 1252 971; x_wconf 89' lang='lat' dir='ltr'>iter</span> <span class='ocrx_word' id='word_1_36' title='bbox 1282 910 1455 993; x_wconf 91' lang='lat' dir='ltr'>inceptum</span> 
     </span>
    </p>
   </div>
   <div class='ocr_carea' id='block_1_4' title="bbox 189 1027 1457 1828">
    <p class='ocr_par' dir='ltr' id='par_1_4' title="bbox 189 1027 1457 1828">
     <span class='ocr_line' id='line_1_6' title="bbox 263 1027 1456 1111; baseline 0.002 -21"><span class='ocrx_word' id='word_1_37' title='bbox 263 1037 493 1110; x_wconf 88' lang='lat' dir='ltr'>persequatur.</span> <span class='ocrx_word' id='word_1_38' title='bbox 525 1027 580 1091; x_wconf 89' lang='lat' dir='ltr'>Sic</span> <span class='ocrx_word' id='word_1_39' title='bbox 611 1029 665 1091; x_wconf 94' lang='lat' dir='ltr'>hic</span> <span class='ocrx_word' id='word_1_40' title='bbox 695 1030 881 1104; x_wconf 90' lang='lat' dir='ltr'>Petronius,</span> <span class='ocrx_word' id='word_1_41' title='bbox 906 1049 983 1092; x_wconf 91' lang='lat' dir='ltr'>cum</span> <span class='ocrx_word' id='word_1_42' title='bbox 1008 1028 1147 1111; x_wconf 89' lang='lat' dir='ltr'>periculi</span> <span class='ocrx_word' id='word_1_43' title='bbox 1170 1028 1300 1111; x_wconf 92' lang='lat' dir='ltr'>aliquid</span> <span class='ocrx_word' id='word_1_44' title='bbox 1326 1030 1456 1093; x_wconf 86' lang='lat' dir='ltr'>odorari</span> 
     </span>
     <span class='ocr_line' id='line_1_7' title="bbox 262 1147 1454 1231; baseline 0 -20"><span class='ocrx_word' id='word_1_45' title='bbox 262 1149 387 1230; x_wconf 90' lang='lat' dir='ltr'>coepit,</span> <span class='ocrx_word' id='word_1_46' title='bbox 419 1147 556 1209; x_wconf 88' lang='lat' dir='ltr'>obviam</span> <span class='ocrx_word' id='word_1_47' title='bbox 588 1148 716 1210; x_wconf 89' lang='lat' dir='ltr'>Neroni</span> <span class='ocrx_word' id='word_1_48' title='bbox 749 1148 982 1231; x_wconf 87' lang='lat' dir='ltr'>proficiscitur,</span> <span class='ocrx_word' id='word_1_49' title='bbox 1013 1148 1102 1211; x_wconf 90' lang='lat' dir='ltr'>haud</span> <span class='ocrx_word' id='word_1_50' title='bbox 1130 1147 1292 1211; x_wconf 89' lang='lat' dir='ltr'>dubitans</span> <span class='ocrx_word' id='word_1_51' title='bbox 1316 1150 1409 1231; x_wconf 92' lang='lat' dir='ltr'>quin,</span> <span class='ocrx_word' id='word_1_52' title='bbox 1430 1149 1454 1211; x_wconf 92' lang='lat' dir='ltr'>si</span> 
     </span>
     <span class='ocr_line' id='line_1_8' title="bbox 264 1266 1454 1350; baseline 0.002 -22"><span class='ocrx_word' id='word_1_53' title='bbox 264 1266 435 1328; x_wconf 89' lang='lat' dir='ltr'>Neronem</span> <span class='ocrx_word' id='word_1_54' title='bbox 471 1268 695 1341; x_wconf 88' lang='lat' dir='ltr'>convenisset,</span> <span class='ocrx_word' id='word_1_55' title='bbox 732 1276 849 1350; x_wconf 89' lang='lat' dir='ltr'>parata</span> <span class='ocrx_word' id='word_1_56' title='bbox 884 1268 948 1329; x_wconf 89' lang='lat' dir='ltr'>sibi</span> <span class='ocrx_word' id='word_1_57' title='bbox 983 1267 1072 1329; x_wconf 89' lang='lat' dir='ltr'>salus</span> <span class='ocrx_word' id='word_1_58' title='bbox 1106 1275 1212 1341; x_wconf 90' lang='lat' dir='ltr'>esset;</span> <span class='ocrx_word' id='word_1_59' title='bbox 1248 1269 1310 1331; x_wconf 91' lang='lat' dir='ltr'>sed</span> <span class='ocrx_word' id='word_1_60' title='bbox 1343 1267 1454 1335; x_wconf 89' lang='lat' dir='ltr'>Cumis</span> 
     </span>
     <span class='ocr_line' id='line_1_9' title="bbox 262 1385 1454 1469; baseline 0.004 -23"><span class='ocrx_word' id='word_1_61' title='bbox 262 1385 429 1467; x_wconf 89' lang='lat' dir='ltr'>inopinati</span> <span class='ocrx_word' id='word_1_62' title='bbox 459 1386 621 1467; x_wconf 87' lang='lat' dir='ltr'>quiddam</span> <span class='ocrx_word' id='word_1_63' title='bbox 656 1386 783 1460; x_wconf 84' lang='lat' dir='ltr'>incidit,</span> <span class='ocrx_word' id='word_1_64' title='bbox 814 1386 906 1469; x_wconf 91' lang='lat' dir='ltr'>quod</span> <span class='ocrx_word' id='word_1_65' title='bbox 932 1387 1112 1468; x_wconf 90' lang='lat' dir='ltr'>quominus</span> <span class='ocrx_word' id='word_1_66' title='bbox 1137 1386 1312 1449; x_wconf 88' lang='lat' dir='ltr'>Neronem</span> <span class='ocrx_word' id='word_1_67' title='bbox 1337 1408 1454 1451; x_wconf 91' lang='lat' dir='ltr'>conve-</span> 
     </span>
     <span class='ocr_line' id='line_1_10' title="bbox 263 1504 1454 1588; baseline 0.005 -23"><span class='ocrx_word' id='word_1_68' title='bbox 263 1504 349 1566; x_wconf 91' lang='lat' dir='ltr'>niret</span> <span class='ocrx_word' id='word_1_69' title='bbox 374 1504 593 1586; x_wconf 79' lang='lat' dir='ltr'>Impediebat,</span> <span class='ocrx_word' id='word_1_70' title='bbox 618 1525 699 1588; x_wconf 87' lang='lat' dir='ltr'>ergo</span> <span class='ocrx_word' id='word_1_71' title='bbox 723 1507 794 1587; x_wconf 89' lang='lat' dir='ltr'>ipse</span> <span class='ocrx_word' id='word_1_72' title='bbox 819 1506 865 1568; x_wconf 94' lang='lat' dir='ltr'>ibi</span> <span class='ocrx_word' id='word_1_73' title='bbox 887 1515 1031 1568; x_wconf 90' lang='lat' dir='ltr'>mortem</span> <span class='ocrx_word' id='word_1_74' title='bbox 1051 1505 1115 1568; x_wconf 89' lang='lat' dir='ltr'>sibi</span> <span class='ocrx_word' id='word_1_75' title='bbox 1136 1506 1313 1569; x_wconf 89' lang='lat' dir='ltr'>conscivit.</span> <span class='ocrx_word' id='word_1_76' title='bbox 1335 1507 1454 1570; x_wconf 86' lang='lat' dir='ltr'>Cumas</span> 
     </span>
     <span class='ocr_line' id='line_1_11' title="bbox 264 1623 1456 1708; baseline 0.003 -22"><span class='ocrx_word' id='word_1_77' title='bbox 264 1623 308 1686; x_wconf 89' lang='lat' dir='ltr'>ad</span> <span class='ocrx_word' id='word_1_78' title='bbox 333 1644 410 1686; x_wconf 91' lang='lat' dir='ltr'>eum</span> <span class='ocrx_word' id='word_1_79' title='bbox 435 1625 628 1706; x_wconf 89' lang='lat' dir='ltr'>pervenisse</span> <span class='ocrx_word' id='word_1_80' title='bbox 652 1627 818 1700; x_wconf 86' lang='lat' dir='ltr'>nuntium,</span> <span class='ocrx_word' id='word_1_81' title='bbox 844 1646 912 1707; x_wconf 92' lang='lat' dir='ltr'>quo</span> <span class='ocrx_word' id='word_1_82' title='bbox 936 1627 979 1688; x_wconf 93' lang='lat' dir='ltr'>de</span> <span class='ocrx_word' id='word_1_83' title='bbox 1003 1625 1103 1688; x_wconf 91' lang='lat' dir='ltr'>rebus</span> <span class='ocrx_word' id='word_1_84' title='bbox 1128 1625 1260 1688; x_wconf 88' lang='lat' dir='ltr'>Romae</span> <span class='ocrx_word' id='word_1_85' title='bbox 1284 1628 1390 1708; x_wconf 86' lang='lat' dir='ltr'>gestis</span> <span class='ocrx_word' id='word_1_86' title='bbox 1413 1629 1456 1691; x_wconf 88' lang='lat' dir='ltr'>ita</span> 
     </span>
     <span class='ocr_line' id='line_1_12' title="bbox 189 1744 1457 1828; baseline 0.002 -22"><span class='ocrx_word' id='word_1_87' title='bbox 189 1748 191 1752; x_wconf 68' lang='lat'>&#39;</span> <span class='ocrx_word' id='word_1_88' title='bbox 266 1744 466 1806; x_wconf 88' lang='lat' dir='ltr'>edoceretur</span> <span class='ocrx_word' id='word_1_89' title='bbox 496 1752 533 1807; x_wconf 91' lang='lat' dir='ltr'>ut</span> <span class='ocrx_word' id='word_1_90' title='bbox 559 1744 601 1807; x_wconf 92' lang='lat' dir='ltr'>de</span> <span class='ocrx_word' id='word_1_91' title='bbox 625 1765 660 1808; x_wconf 91' lang='lat' dir='ltr'>se</span> <span class='ocrx_word' id='word_1_92' title='bbox 685 1765 822 1827; x_wconf 91' lang='lat' dir='ltr'>quoque</span> <span class='ocrx_word' id='word_1_93' title='bbox 846 1754 960 1808; x_wconf 91' lang='lat' dir='ltr'>actum</span> <span class='ocrx_word' id='word_1_94' title='bbox 984 1766 1057 1809; x_wconf 89' lang='lat' dir='ltr'>esse</span> <span class='ocrx_word' id='word_1_95' title='bbox 1080 1745 1297 1828; x_wconf 83' lang='lat' dir='ltr'>intelligeret,</span> <span class='ocrx_word' id='word_1_96' title='bbox 1323 1746 1378 1809; x_wconf 90' lang='lat' dir='ltr'>vel</span> <span class='ocrx_word' id='word_1_97' title='bbox 1401 1747 1457 1809; x_wconf 92' lang='lat' dir='ltr'>ibi·</span> 
     </span>
    </p>
   </div>
   <div class='ocr_carea' id='block_1_5' title="bbox 263 1972 1461 4457">
    <p class='ocr_par' dir='ltr' id='par_1_5' title="bbox 264 1972 1458 2298">
     <span class='ocr_line' id='line_1_13' title="bbox 305 1972 1458 2039; baseline 0.002 -18"><span class='ocrx_word' id='word_1_98' title='bbox 305 1972 332 2038; x_wconf 86' lang='lat'>1)</span> <span class='ocrx_word' id='word_1_99' title='bbox 351 1973 411 2022; x_wconf 86' lang='lat' dir='ltr'>Hoc</span> <span class='ocrx_word' id='word_1_100' title='bbox 430 1989 506 2023; x_wconf 87' lang='lat' dir='ltr'>sensu</span> <span class='ocrx_word' id='word_1_101' title='bbox 531 1989 589 2023; x_wconf 90' lang='lat' dir='ltr'>cum</span> <span class='ocrx_word' id='word_1_102' title='bbox 609 1975 742 2024; x_wconf 82' lang='lat' dir='ltr'>attinendi</span> <span class='ocrx_word' id='word_1_103' title='bbox 761 1974 841 2023; x_wconf 88' lang='lat' dir='ltr'>utitur</span> <span class='ocrx_word' id='word_1_104' title='bbox 859 1976 939 2024; x_wconf 90' lang='lat' dir='ltr'>verbo</span> <span class='ocrx_word' id='word_1_105' title='bbox 958 1974 1073 2039; x_wconf 88' lang='lat' dir='ltr'>Tacitus,</span> <span class='ocrx_word' id='word_1_106' title='bbox 1093 1989 1197 2039; x_wconf 85' lang='lat' dir='ltr'>semper</span> <span class='ocrx_word' id='word_1_107' title='bbox 1213 1982 1258 2023; x_wconf 85' lang='lat' dir='ltr'>aut</span> <span class='ocrx_word' id='word_1_108' title='bbox 1276 1990 1337 2023; x_wconf 90' lang='lat' dir='ltr'>cum</span> <span class='ocrx_word' id='word_1_109' title='bbox 1354 1989 1458 2038; x_wconf 81' lang='lat' dir='ltr'>carcere,</span> 
     </span>
     <span class='ocr_line' id='line_1_14' title="bbox 265 2060 1457 2126; baseline 0 -18"><span class='ocrx_word' id='word_1_110' title='bbox 265 2061 382 2110; x_wconf 83' lang='lat' dir='ltr'>custodia</span> <span class='ocrx_word' id='word_1_111' title='bbox 406 2061 489 2110; x_wconf 82' lang='lat' dir='ltr'>slmm.</span> <span class='ocrx_word' id='word_1_112' title='bbox 516 2061 581 2111; x_wconf 89' lang='lat' dir='ltr'>illud</span> <span class='ocrx_word' id='word_1_113' title='bbox 606 2062 700 2126; x_wconf 80' lang='lat' dir='ltr'>iungit,</span> <span class='ocrx_word' id='word_1_114' title='bbox 720 2068 763 2110; x_wconf 84' lang='lat' dir='ltr'>aut</span> <span class='ocrx_word' id='word_1_115' title='bbox 783 2061 911 2110; x_wconf 84' lang='lat' dir='ltr'>eiusmodi</span> <span class='ocrx_word' id='word_1_116' title='bbox 930 2061 1058 2110; x_wconf 86' lang='lat' dir='ltr'>vocabula</span> <span class='ocrx_word' id='word_1_117' title='bbox 1077 2061 1104 2109; x_wconf 91' lang='lat' dir='ltr'>in</span> <span class='ocrx_word' id='word_1_118' title='bbox 1125 2060 1243 2125; x_wconf 84' lang='lat' dir='ltr'>proxima</span> <span class='ocrx_word' id='word_1_119' title='bbox 1261 2061 1339 2125; x_wconf 88' lang='lat' dir='ltr'>ponit</span> <span class='ocrx_word' id='word_1_120' title='bbox 1358 2061 1457 2123; x_wconf 80' lang='lat' dir='ltr'>vicima,</span> 
     </span>
     <span class='ocr_line' id='line_1_15' title="bbox 264 2146 1456 2212; baseline 0 -18"><span class='ocrx_word' id='word_1_121' title='bbox 264 2155 308 2195; x_wconf 91' lang='lat' dir='ltr'>aut</span> <span class='ocrx_word' id='word_1_122' title='bbox 332 2147 447 2211; x_wconf 88' lang='lat' dir='ltr'>denique</span> <span class='ocrx_word' id='word_1_123' title='bbox 465 2148 554 2212; x_wconf 92' lang='lat' dir='ltr'>aliquo</span> <span class='ocrx_word' id='word_1_124' title='bbox 573 2147 651 2195; x_wconf 90' lang='lat' dir='ltr'>modo</span> <span class='ocrx_word' id='word_1_125' title='bbox 670 2148 748 2196; x_wconf 84' lang='lat' dir='ltr'>efficit</span> <span class='ocrx_word' id='word_1_126' title='bbox 767 2156 794 2196; x_wconf 89' lang='lat' dir='ltr'>ut</span> <span class='ocrx_word' id='word_1_127' title='bbox 811 2147 927 2196; x_wconf 85' lang='lat' dir='ltr'>dubitari</span> <span class='ocrx_word' id='word_1_128' title='bbox 945 2163 997 2196; x_wconf 89' lang='lat' dir='ltr'>non</span> <span class='ocrx_word' id='word_1_129' title='bbox 1017 2147 1101 2211; x_wconf 88' lang='lat' dir='ltr'>possit</span> <span class='ocrx_word' id='word_1_130' title='bbox 1119 2146 1184 2212; x_wconf 91' lang='lat' dir='ltr'>quin</span> <span class='ocrx_word' id='word_1_131' title='bbox 1202 2147 1298 2196; x_wconf 77' lang='lat' dir='ltr'>artiore</span> <span class='ocrx_word' id='word_1_132' title='bbox 1318 2162 1396 2196; x_wconf 87' lang='lat' dir='ltr'>sensu</span> <span class='ocrx_word' id='word_1_133' title='bbox 1415 2147 1456 2195; x_wconf 91' lang='lat' dir='ltr'>illo</span> 
     </span>
     <span class='ocr_line' id='line_1_16' title="bbox 265 2233 726 2298; baseline 0.002 -17"><span class='ocrx_word' id='word_1_134' title='bbox 265 2233 314 2282; x_wconf 93' lang='lat' dir='ltr'>hoc</span> <span class='ocrx_word' id='word_1_135' title='bbox 334 2235 441 2282; x_wconf 89' lang='lat' dir='ltr'>verbum</span> <span class='ocrx_word' id='word_1_136' title='bbox 460 2235 493 2283; x_wconf 89' lang='lat' dir='ltr'>sit</span> <span class='ocrx_word' id='word_1_137' title='bbox 511 2234 726 2298; x_wconf 84' lang='lat' dir='ltr'>intelligendum:</span> 
     </span>
    </p>

    <p class='ocr_par' dir='ltr' id='par_1_6' title="bbox 264 2315 1457 2644">
     <span class='ocr_line' id='line_1_17' title="bbox 302 2315 1457 2385; baseline 0 -18"><span class='ocrx_word' id='word_1_138' title='bbox 302 2322 333 2368; x_wconf 84' lang='grc' dir='ltr'>Α.</span> <span class='ocrx_word' id='word_1_139' title='bbox 354 2321 403 2370; x_wconf 92' lang='lat'>111.</span> <span class='ocrx_word' id='word_1_140' title='bbox 423 2320 456 2383; x_wconf 83' lang='lat'>36</span> <span class='ocrx_word' id='word_1_141' title='bbox 481 2321 586 2370; x_wconf 85' lang='lat' dir='ltr'>attineri</span> <span class='ocrx_word' id='word_1_142' title='bbox 612 2321 719 2384; x_wconf 87' lang='lat' dir='ltr'>publica</span> <span class='ocrx_word' id='word_1_143' title='bbox 740 2321 873 2385; x_wconf 87' lang='lat' dir='ltr'>eustodia;</span> <span class='ocrx_word' id='word_1_144' title='bbox 896 2321 944 2384; x_wconf 93' lang='lat' dir='ltr'>VI,</span> <span class='ocrx_word' id='word_1_145' title='bbox 966 2332 997 2383; x_wconf 89' lang='lat'>19</span> <span class='ocrx_word' id='word_1_146' title='bbox 1017 2315 1063 2383; x_wconf 89' lang='lat' dir='ltr'>qui</span> <span class='ocrx_word' id='word_1_147' title='bbox 1081 2334 1182 2368; x_wconf 87' lang='lat' dir='ltr'>carcere</span> <span class='ocrx_word' id='word_1_148' title='bbox 1201 2319 1394 2384; x_wconf 83' lang='lat' dir='ltr'>attinebantur3</span> <span class='ocrx_word' id='word_1_149' title='bbox 1414 2319 1457 2382; x_wconf 90' lang='lat' dir='ltr'>VI,</span> 
     </span>
     <span class='ocr_line' id='line_1_18' title="bbox 266 2403 1456 2471; baseline 0 -18"><span class='ocrx_word' id='word_1_150' title='bbox 266 2418 298 2468; x_wconf 85' lang='lat'>23</span> <span class='ocrx_word' id='word_1_151' title='bbox 321 2414 463 2454; x_wconf 83' lang='lat' dir='ltr'>extractum</span> <span class='ocrx_word' id='word_1_152' title='bbox 485 2407 617 2455; x_wconf 80' lang='lat' dir='ltr'>custodiae</span> <span class='ocrx_word' id='word_1_153' title='bbox 636 2407 756 2456; x_wconf 89' lang='lat' dir='ltr'>iuvenem</span> <span class='ocrx_word' id='word_1_154' title='bbox 775 2406 848 2471; x_wconf 89' lang='lat' dir='ltr'>(nam</span> <span class='ocrx_word' id='word_1_155' title='bbox 867 2407 894 2455; x_wconf 89' lang='lat' dir='ltr'>in</span> <span class='ocrx_word' id='word_1_156' title='bbox 915 2405 1013 2454; x_wconf 88' lang='lat' dir='ltr'>Palatio</span> <span class='ocrx_word' id='word_1_157' title='bbox 1033 2403 1216 2471; x_wconf 71' lang='lat' dir='ltr'>attinebatur),</span> <span class='ocrx_word' id='word_1_158' title='bbox 1237 2405 1314 2471; x_wconf 90' lang='lat' dir='ltr'>XIII,</span> <span class='ocrx_word' id='word_1_159' title='bbox 1336 2416 1367 2469; x_wconf 81' lang='lat'>15</span> <span class='ocrx_word' id='word_1_160' title='bbox 1388 2419 1456 2469; x_wconf 86' lang='lat' dir='ltr'>prae·</span> 
     </span>
     <span class='ocr_line' id='line_1_19' title="bbox 264 2490 1457 2558; baseline -0.003 -16"><span class='ocrx_word' id='word_1_161' title='bbox 264 2493 345 2542; x_wconf 87' lang='lat' dir='ltr'>toriae</span> <span class='ocrx_word' id='word_1_162' title='bbox 364 2493 477 2542; x_wconf 89' lang='lat' dir='ltr'>cohortis</span> <span class='ocrx_word' id='word_1_163' title='bbox 497 2494 610 2558; x_wconf 86' lang='lat' dir='ltr'>tribuno,</span> <span class='ocrx_word' id='word_1_164' title='bbox 629 2495 701 2543; x_wconf 90' lang='lat' dir='ltr'>cuius</span> <span class='ocrx_word' id='word_1_165' title='bbox 720 2510 781 2543; x_wconf 83' lang='lat' dir='ltr'>cura</span> <span class='ocrx_word' id='word_1_166' title='bbox 798 2494 957 2543; x_wconf 80' lang='lat' dir='ltr'>attinebatur</span> <span class='ocrx_word' id='word_1_167' title='bbox 976 2492 1098 2542; x_wconf 66' lang='lat' dir='ltr'>minuata</span> <span class='ocrx_word' id='word_1_168' title='bbox 1116 2490 1236 2540; x_wconf 81' lang='lat' dir='ltr'>veneficii</span> <span class='ocrx_word' id='word_1_169' title='bbox 1255 2493 1385 2557; x_wconf 80' lang='lat' dir='ltr'>Locusta3</span> <span class='ocrx_word' id='word_1_170' title='bbox 1401 2491 1457 2554; x_wconf 83' lang='lat' dir='ltr'>XV,</span> 
     </span>
     <span class='ocr_line' id='line_1_20' title="bbox 267 2573 1100 2644; baseline 0 -17"><span class='ocrx_word' id='word_1_171' title='bbox 267 2591 298 2643; x_wconf 84' lang='lat'>57</span> <span class='ocrx_word' id='word_1_172' title='bbox 319 2579 421 2627; x_wconf 80' lang='lat' dir='ltr'>Volusii</span> <span class='ocrx_word' id='word_1_173' title='bbox 440 2580 543 2628; x_wconf 86' lang='lat' dir='ltr'>Proculi</span> <span class='ocrx_word' id='word_1_174' title='bbox 561 2581 660 2628; x_wconf 73' lang='lat' dir='ltr'>Indicio</span> <span class='ocrx_word' id='word_1_175' title='bbox 680 2581 821 2644; x_wconf 85' lang='lat' dir='ltr'>EpicharIn</span> <span class='ocrx_word' id='word_1_176' title='bbox 840 2579 954 2629; x_wconf 87' lang='lat' dir='ltr'>attineri.</span> <span class='ocrx_word' id='word_1_177' title='bbox 1094 2573 1100 2581; x_wconf 62' lang='lat'>⁸</span> 
     </span>
    </p>

    <p class='ocr_par' dir='ltr' id='par_1_7' title="bbox 264 2663 1457 2990">
     <span class='ocr_line' id='line_1_21' title="bbox 306 2663 1457 2730; baseline -0.001 -16"><span class='ocrx_word' id='word_1_178' title='bbox 306 2666 406 2714; x_wconf 89' lang='lat' dir='ltr'>Ceteris</span> <span class='ocrx_word' id='word_1_179' title='bbox 433 2665 498 2715; x_wconf 91' lang='lat' dir='ltr'>locis</span> <span class='ocrx_word' id='word_1_180' title='bbox 525 2667 646 2715; x_wconf 87' lang='lat' dir='ltr'>omnibus</span> <span class='ocrx_word' id='word_1_181' title='bbox 674 2667 807 2715; x_wconf 84' lang='lat' dir='ltr'>attinendi</span> <span class='ocrx_word' id='word_1_182' title='bbox 833 2667 940 2715; x_wconf 88' lang='lat' dir='ltr'>verbum</span> <span class='ocrx_word' id='word_1_183' title='bbox 968 2665 1001 2714; x_wconf 95' lang='lat' dir='ltr'>de</span> <span class='ocrx_word' id='word_1_184' title='bbox 1029 2664 1122 2729; x_wconf 85' lang='lat' dir='ltr'>quavis</span> <span class='ocrx_word' id='word_1_185' title='bbox 1150 2663 1344 2729; x_wconf 84' lang='lat' dir='ltr'>proficIscendi,</span> <span class='ocrx_word' id='word_1_186' title='bbox 1372 2665 1457 2730; x_wconf 89' lang='lat' dir='ltr'>eundi,</span> 
     </span>
     <span class='ocr_line' id='line_1_22' title="bbox 265 2751 1457 2818; baseline 0.002 -19"><span class='ocrx_word' id='word_1_187' title='bbox 265 2752 361 2815; x_wconf 85' lang='lat' dir='ltr'>agendi</span> <span class='ocrx_word' id='word_1_188' title='bbox 385 2768 456 2801; x_wconf 88' lang='lat' dir='ltr'>mora</span> <span class='ocrx_word' id='word_1_189' title='bbox 477 2753 592 2818; x_wconf 86' lang='lat' dir='ltr'>ponitur,</span> <span class='ocrx_word' id='word_1_190' title='bbox 613 2753 733 2818; x_wconf 88' lang='lat' dir='ltr'>clareque</span> <span class='ocrx_word' id='word_1_191' title='bbox 754 2753 795 2801; x_wconf 89' lang='lat' dir='ltr'>his</span> <span class='ocrx_word' id='word_1_192' title='bbox 815 2754 1014 2815; x_wconf 87' lang='lat' dir='ltr'>demonstratur,</span> <span class='ocrx_word' id='word_1_193' title='bbox 1032 2752 1078 2800; x_wconf 91' lang='lat' dir='ltr'>ubi</span> <span class='ocrx_word' id='word_1_194' title='bbox 1096 2752 1170 2800; x_wconf 83' lang='lat' dir='ltr'>nulla</span> <span class='ocrx_word' id='word_1_195' title='bbox 1187 2751 1324 2801; x_wconf 83' lang='lat' dir='ltr'>custodiae</span> <span class='ocrx_word' id='word_1_196' title='bbox 1343 2752 1457 2802; x_wconf 83' lang='lat' dir='ltr'>viuculo·</span> 
     </span>
     <span class='ocr_line' id='line_1_23' title="bbox 265 2838 1457 2904; baseline 0.002 -18"><span class='ocrx_word' id='word_1_197' title='bbox 265 2854 373 2903; x_wconf 91' lang='lat' dir='ltr'>rumque</span> <span class='ocrx_word' id='word_1_198' title='bbox 392 2839 547 2902; x_wconf 84' lang='lat' dir='ltr'>significatio</span> <span class='ocrx_word' id='word_1_199' title='bbox 566 2855 623 2889; x_wconf 91' lang='lat' dir='ltr'>cum</span> <span class='ocrx_word' id='word_1_200' title='bbox 642 2855 673 2888; x_wconf 89' lang='lat' dir='ltr'>eo</span> <span class='ocrx_word' id='word_1_201' title='bbox 692 2840 725 2888; x_wconf 88' lang='lat' dir='ltr'>sit</span> <span class='ocrx_word' id='word_1_202' title='bbox 741 2840 880 2888; x_wconf 88' lang='lat' dir='ltr'>coniuncta</span> <span class='ocrx_word' id='word_1_203' title='bbox 897 2839 938 2888; x_wconf 86' lang='lat' dir='ltr'>vel</span> <span class='ocrx_word' id='word_1_204' title='bbox 953 2839 980 2888; x_wconf 90' lang='lat' dir='ltr'>in</span> <span class='ocrx_word' id='word_1_205' title='bbox 998 2838 1054 2888; x_wconf 90' lang='lat' dir='ltr'>eius</span> <span class='ocrx_word' id='word_1_206' title='bbox 1069 2839 1165 2888; x_wconf 81' lang='lat' dir='ltr'>vIcInia</span> <span class='ocrx_word' id='word_1_207' title='bbox 1181 2838 1277 2904; x_wconf 83' lang='lat' dir='ltr'>posita,</span> <span class='ocrx_word' id='word_1_208' title='bbox 1294 2839 1328 2889; x_wconf 92' lang='lat' dir='ltr'>de</span> <span class='ocrx_word' id='word_1_209' title='bbox 1343 2839 1457 2889; x_wconf 82' lang='lat' dir='ltr'>custodia</span> 
     </span>
     <span class='ocr_line' id='line_1_24' title="bbox 264 2925 985 2990; baseline 0.001 -18"><span class='ocrx_word' id='word_1_210' title='bbox 264 2925 428 2989; x_wconf 86' lang='lat' dir='ltr'>vinculisque</span> <span class='ocrx_word' id='word_1_211' title='bbox 448 2941 501 2974; x_wconf 90' lang='lat' dir='ltr'>non</span> <span class='ocrx_word' id='word_1_212' title='bbox 522 2941 598 2989; x_wconf 90' lang='lat' dir='ltr'>posse</span> <span class='ocrx_word' id='word_1_213' title='bbox 617 2926 734 2990; x_wconf 82' lang='lat' dir='ltr'>cogitari.</span> <span class='ocrx_word' id='word_1_214' title='bbox 754 2926 820 2975; x_wconf 91' lang='lat' dir='ltr'>Sunt</span> <span class='ocrx_word' id='word_1_215' title='bbox 839 2933 925 2975; x_wconf 86' lang='lat' dir='ltr'>autem</span> <span class='ocrx_word' id='word_1_216' title='bbox 944 2925 985 2973; x_wconf 90' lang='lat' dir='ltr'>hi:</span> 
     </span>
    </p>

    <p class='ocr_par' dir='ltr' id='par_1_8' title="bbox 263 3006 1460 4269">
     <span class='ocr_line' id='line_1_25' title="bbox 301 3006 1457 3076; baseline 0.002 -17"><span class='ocrx_word' id='word_1_217' title='bbox 301 3013 333 3059; x_wconf 88' lang='lat' dir='ltr'>A.</span> <span class='ocrx_word' id='word_1_218' title='bbox 354 3013 374 3074; x_wconf 91' lang='lat' dir='ltr'>I,</span> <span class='ocrx_word' id='word_1_219' title='bbox 394 3022 425 3075; x_wconf 83' lang='lat'>35</span> <span class='ocrx_word' id='word_1_220' title='bbox 451 3011 546 3061; x_wconf 81' lang='lat' dir='ltr'>ferrum</span> <span class='ocrx_word' id='word_1_221' title='bbox 571 3012 724 3062; x_wconf 82' lang='lat' dir='ltr'>deserebant</span> <span class='ocrx_word' id='word_1_222' title='bbox 749 3013 775 3061; x_wconf 91' lang='lat' dir='ltr'>in</span> <span class='ocrx_word' id='word_1_223' title='bbox 801 3020 893 3076; x_wconf 90' lang='lat' dir='ltr'>pectus</span> <span class='ocrx_word' id='word_1_224' title='bbox 918 3012 945 3061; x_wconf 91' lang='lat' dir='ltr'>ni</span> <span class='ocrx_word' id='word_1_225' title='bbox 965 3006 1077 3075; x_wconf 83' lang='lat' dir='ltr'>proximi</span> <span class='ocrx_word' id='word_1_226' title='bbox 1095 3011 1213 3061; x_wconf 84' lang='lat' dir='ltr'>dextram</span> <span class='ocrx_word' id='word_1_227' title='bbox 1231 3010 1258 3060; x_wconf 82' lang='lat' dir='ltr'>vi</span> <span class='ocrx_word' id='word_1_228' title='bbox 1276 3012 1457 3076; x_wconf 81' lang='lat' dir='ltr'>attinuissent3</span> 
     </span>
     <span class='ocr_line' id='line_1_26' title="bbox 265 3097 1457 3163; baseline 0.002 -18"><span class='ocrx_word' id='word_1_229' title='bbox 265 3099 301 3162; x_wconf 91' lang='lat' dir='ltr'>Il,</span> <span class='ocrx_word' id='word_1_230' title='bbox 321 3111 353 3146; x_wconf 84' lang='lat' dir='ltr'>ro</span> <span class='ocrx_word' id='word_1_231' title='bbox 372 3099 399 3147; x_wconf 91' lang='lat' dir='ltr'>ni</span> <span class='ocrx_word' id='word_1_232' title='bbox 424 3098 562 3147; x_wconf 87' lang='lat' dir='ltr'>Stertinius</span> <span class='ocrx_word' id='word_1_233' title='bbox 585 3115 656 3148; x_wconf 84' lang='lat' dir='ltr'>arma</span> <span class='ocrx_word' id='word_1_234' title='bbox 680 3107 706 3148; x_wconf 90' lang='lat' dir='ltr'>et</span> <span class='ocrx_word' id='word_1_235' title='bbox 728 3114 824 3163; x_wconf 90' lang='lat' dir='ltr'>equum</span> <span class='ocrx_word' id='word_1_236' title='bbox 845 3107 996 3162; x_wconf 88' lang='lat' dir='ltr'>poscentem</span> <span class='ocrx_word' id='word_1_237' title='bbox 1015 3097 1125 3146; x_wconf 85' lang='lat' dir='ltr'>Flavum</span> <span class='ocrx_word' id='word_1_238' title='bbox 1139 3097 1303 3163; x_wconf 75' lang='lat' dir='ltr'>attinuisset,</span> <span class='ocrx_word' id='word_1_239' title='bbox 1325 3099 1361 3162; x_wconf 93' lang='lat' dir='ltr'>ll,</span> <span class='ocrx_word' id='word_1_240' title='bbox 1381 3110 1414 3163; x_wconf 79' lang='lat'>52</span> <span class='ocrx_word' id='word_1_241' title='bbox 1431 3106 1457 3147; x_wconf 88' lang='lat' dir='ltr'>ut</span> 
     </span>
     <span class='ocr_line' id='line_1_27' title="bbox 264 3184 1457 3249; baseline 0.001 -17"><span class='ocrx_word' id='word_1_242' title='bbox 264 3184 415 3233; x_wconf 80' lang='lat' dir='ltr'>Tacfarinas</span> <span class='ocrx_word' id='word_1_243' title='bbox 433 3185 514 3234; x_wconf 89' lang='lat' dir='ltr'>lectos</span> <span class='ocrx_word' id='word_1_244' title='bbox 531 3186 599 3234; x_wconf 87' lang='lat' dir='ltr'>viros</span> <span class='ocrx_word' id='word_1_245' title='bbox 615 3185 705 3235; x_wconf 88' lang='lat' dir='ltr'>castris</span> <span class='ocrx_word' id='word_1_246' title='bbox 720 3185 855 3249; x_wconf 72' lang='lat' dir='ltr'>attineret,</span> <span class='ocrx_word' id='word_1_247' title='bbox 872 3185 921 3247; x_wconf 90' lang='lat'>111,</span> <span class='ocrx_word' id='word_1_248' title='bbox 939 3197 953 3246; x_wconf 90' lang='lat'>3</span> <span class='ocrx_word' id='word_1_249' title='bbox 970 3192 998 3233; x_wconf 90' lang='lat' dir='ltr'>ut</span> <span class='ocrx_word' id='word_1_250' title='bbox 1014 3200 1061 3248; x_wconf 85' lang='lat' dir='ltr'>par</span> <span class='ocrx_word' id='word_1_251' title='bbox 1075 3200 1175 3233; x_wconf 85' lang='lat' dir='ltr'>maeror</span> <span class='ocrx_word' id='word_1_252' title='bbox 1190 3192 1216 3233; x_wconf 98' lang='lat' dir='ltr'>et</span> <span class='ocrx_word' id='word_1_253' title='bbox 1232 3184 1324 3233; x_wconf 86' lang='lat' dir='ltr'>matris</span> <span class='ocrx_word' id='word_1_254' title='bbox 1339 3184 1457 3249; x_wconf 80' lang='lat' dir='ltr'>exemplo</span> 
     </span>
     <span class='ocr_line' id='line_1_28' title="bbox 264 3269 1457 3337; baseline 0 -18"><span class='ocrx_word' id='word_1_255' title='bbox 264 3271 323 3319; x_wconf 88' lang='lat' dir='ltr'>avia</span> <span class='ocrx_word' id='word_1_256' title='bbox 348 3287 454 3335; x_wconf 88' lang='lat' dir='ltr'>quoque</span> <span class='ocrx_word' id='word_1_257' title='bbox 476 3280 501 3320; x_wconf 91' lang='lat' dir='ltr'>et</span> <span class='ocrx_word' id='word_1_258' title='bbox 520 3279 626 3336; x_wconf 89' lang='lat' dir='ltr'>patruus</span> <span class='ocrx_word' id='word_1_259' title='bbox 643 3272 749 3321; x_wconf 88' lang='lat' dir='ltr'>attineri</span> <span class='ocrx_word' id='word_1_260' title='bbox 768 3271 933 3335; x_wconf 74' lang='lat' dir='ltr'>viderentur,</span> <span class='ocrx_word' id='word_1_261' title='bbox 953 3271 1003 3336; x_wconf 92' lang='lat' dir='ltr'>lll,</span> <span class='ocrx_word' id='word_1_262' title='bbox 1022 3282 1052 3331; x_wconf 84' lang='lat'>71</span> <span class='ocrx_word' id='word_1_263' title='bbox 1075 3269 1207 3335; x_wconf 88' lang='lat' dir='ltr'>pontificis</span> <span class='ocrx_word' id='word_1_264' title='bbox 1226 3270 1334 3320; x_wconf 82' lang='lat' dir='ltr'>maximi</span> <span class='ocrx_word' id='word_1_265' title='bbox 1353 3271 1401 3337; x_wconf 89' lang='lat' dir='ltr'>qui</span> <span class='ocrx_word' id='word_1_266' title='bbox 1418 3270 1457 3319; x_wconf 85' lang='lat' dir='ltr'>lla·</span> 
     </span>
     <span class='ocr_line' id='line_1_29' title="bbox 264 3356 1456 3423; baseline 0 -19"><span class='ocrx_word' id='word_1_267' title='bbox 264 3357 361 3405; x_wconf 88' lang='lat' dir='ltr'>minem</span> <span class='ocrx_word' id='word_1_268' title='bbox 385 3357 547 3423; x_wconf 76' lang='lat' dir='ltr'>attinuisset,</span> <span class='ocrx_word' id='word_1_269' title='bbox 573 3359 618 3423; x_wconf 93' lang='lat' dir='ltr'>VI,</span> <span class='ocrx_word' id='word_1_270' title='bbox 646 3370 676 3420; x_wconf 90' lang='lat'>17</span> <span class='ocrx_word' id='word_1_271' title='bbox 702 3358 832 3422; x_wconf 81' lang='lat' dir='ltr'>signatum</span> <span class='ocrx_word' id='word_1_272' title='bbox 857 3365 993 3421; x_wconf 82' lang='lat' dir='ltr'>argentum</span> <span class='ocrx_word' id='word_1_273' title='bbox 1017 3356 1079 3405; x_wconf 85' lang='lat' dir='ltr'>fisco</span> <span class='ocrx_word' id='word_1_274' title='bbox 1103 3356 1146 3405; x_wconf 88' lang='lat' dir='ltr'>vel</span> <span class='ocrx_word' id='word_1_275' title='bbox 1168 3356 1267 3405; x_wconf 87' lang='lat' dir='ltr'>aerario</span> <span class='ocrx_word' id='word_1_276' title='bbox 1285 3357 1456 3422; x_wconf 71' lang='lat' dir='ltr'>attinebatur,</span> 
     </span>
     <span class='ocr_line' id='line_1_30' title="bbox 264 3442 1455 3508; baseline -0.002 -17"><span class='ocrx_word' id='word_1_277' title='bbox 264 3444 312 3506; x_wconf 92' lang='lat' dir='ltr'>Vl,</span> <span class='ocrx_word' id='word_1_278' title='bbox 338 3456 370 3505; x_wconf 89' lang='lat'>27</span> <span class='ocrx_word' id='word_1_279' title='bbox 396 3443 493 3493; x_wconf 90' lang='lat' dir='ltr'>oblitus</span> <span class='ocrx_word' id='word_1_280' title='bbox 521 3444 680 3508; x_wconf 73' lang='lat' dir='ltr'>Arruntium,</span> <span class='ocrx_word' id='word_1_281' title='bbox 704 3459 737 3491; x_wconf 92' lang='lat' dir='ltr'>ne</span> <span class='ocrx_word' id='word_1_282' title='bbox 762 3443 788 3490; x_wconf 91' lang='lat' dir='ltr'>in</span> <span class='ocrx_word' id='word_1_283' title='bbox 815 3442 972 3506; x_wconf 87' lang='lat' dir='ltr'>Hispaniam</span> <span class='ocrx_word' id='word_1_284' title='bbox 993 3451 1122 3507; x_wconf 79' lang='lat' dir='ltr'>pergeret,</span> <span class='ocrx_word' id='word_1_285' title='bbox 1140 3442 1269 3491; x_wconf 89' lang='lat' dir='ltr'>decimum</span> <span class='ocrx_word' id='word_1_286' title='bbox 1288 3442 1342 3490; x_wconf 88' lang='lat' dir='ltr'>iarn</span> <span class='ocrx_word' id='word_1_287' title='bbox 1361 3456 1455 3492; x_wconf 86' lang='lat' dir='ltr'>annum</span> 
     </span>
     <span class='ocr_line' id='line_1_31' title="bbox 263 3527 1457 3595; baseline -0.001 -17"><span class='ocrx_word' id='word_1_288' title='bbox 263 3529 383 3595; x_wconf 75' lang='lat' dir='ltr'>attineri,</span> <span class='ocrx_word' id='word_1_289' title='bbox 408 3530 470 3594; x_wconf 89' lang='lat' dir='ltr'>Xll,</span> <span class='ocrx_word' id='word_1_290' title='bbox 497 3542 528 3578; x_wconf 88' lang='lat'>12</span> <span class='ocrx_word' id='word_1_291' title='bbox 553 3530 673 3579; x_wconf 88' lang='lat' dir='ltr'>iuvenem</span> <span class='ocrx_word' id='word_1_292' title='bbox 698 3545 824 3578; x_wconf 88' lang='lat' dir='ltr'>summam</span> <span class='ocrx_word' id='word_1_293' title='bbox 842 3529 971 3578; x_wconf 83' lang='lat' dir='ltr'>fortunam</span> <span class='ocrx_word' id='word_1_294' title='bbox 990 3529 1018 3578; x_wconf 88' lang='lat' dir='ltr'>in</span> <span class='ocrx_word' id='word_1_295' title='bbox 1038 3528 1101 3578; x_wconf 87' lang='lat' dir='ltr'>luxu</span> <span class='ocrx_word' id='word_1_296' title='bbox 1119 3535 1201 3577; x_wconf 84' lang='lat' dir='ltr'>ratum</span> <span class='ocrx_word' id='word_1_297' title='bbox 1220 3527 1318 3577; x_wconf 90' lang='lat' dir='ltr'>multos</span> <span class='ocrx_word' id='word_1_298' title='bbox 1337 3544 1385 3593; x_wconf 92' lang='lat' dir='ltr'>per</span> <span class='ocrx_word' id='word_1_299' title='bbox 1404 3528 1457 3577; x_wconf 89' lang='lat' dir='ltr'>dies</span> 
     </span>
     <span class='ocr_line' id='line_1_32' title="bbox 264 3614 1458 3681; baseline 0 -16"><span class='ocrx_word' id='word_1_300' title='bbox 264 3616 369 3665; x_wconf 86' lang='lat' dir='ltr'>attinuit</span> <span class='ocrx_word' id='word_1_301' title='bbox 393 3616 463 3681; x_wconf 88' lang='lat' dir='ltr'>apud</span> <span class='ocrx_word' id='word_1_302' title='bbox 489 3616 616 3680; x_wconf 89' lang='lat' dir='ltr'>oppidum</span> <span class='ocrx_word' id='word_1_303' title='bbox 636 3616 776 3681; x_wconf 72' lang='lat' dir='ltr'>Edessam,</span> <span class='ocrx_word' id='word_1_304' title='bbox 796 3615 857 3679; x_wconf 90' lang='lat' dir='ltr'>XII,</span> <span class='ocrx_word' id='word_1_305' title='bbox 876 3614 910 3664; x_wconf 90' lang='lat'>68</span> <span class='ocrx_word' id='word_1_306' title='bbox 931 3615 1051 3680; x_wconf 80' lang='lat' dir='ltr'>Agrippa</span> <span class='ocrx_word' id='word_1_307' title='bbox 1070 3614 1260 3664; x_wconf 82' lang='lat' dir='ltr'>Brittannicum</span> <span class='ocrx_word' id='word_1_308' title='bbox 1278 3615 1409 3665; x_wconf 84' lang='lat' dir='ltr'>demorari</span> <span class='ocrx_word' id='word_1_309' title='bbox 1427 3631 1458 3665; x_wconf 88' lang='lat' dir='ltr'>ne</span> 
     </span>
     <span class='ocr_line' id='line_1_33' title="bbox 264 3701 1458 3768; baseline -0.002 -16"><span class='ocrx_word' id='word_1_310' title='bbox 264 3703 385 3752; x_wconf 89' lang='lat' dir='ltr'>cubiculo</span> <span class='ocrx_word' id='word_1_311' title='bbox 413 3702 590 3768; x_wconf 74' lang='lat' dir='ltr'>egrederetur,</span> <span class='ocrx_word' id='word_1_312' title='bbox 621 3702 762 3751; x_wconf 81' lang='lat' dir='ltr'>Antoniam</span> <span class='ocrx_word' id='word_1_313' title='bbox 787 3717 892 3766; x_wconf 89' lang='lat' dir='ltr'>quoque</span> <span class='ocrx_word' id='word_1_314' title='bbox 918 3709 944 3751; x_wconf 90' lang='lat' dir='ltr'>et</span> <span class='ocrx_word' id='word_1_315' title='bbox 970 3701 1106 3751; x_wconf 88' lang='lat' dir='ltr'>Octaviam</span> <span class='ocrx_word' id='word_1_316' title='bbox 1130 3717 1231 3752; x_wconf 88' lang='lat' dir='ltr'>sorores</span> <span class='ocrx_word' id='word_1_317' title='bbox 1256 3703 1314 3752; x_wconf 91' lang='lat' dir='ltr'>eius</span> <span class='ocrx_word' id='word_1_318' title='bbox 1338 3703 1458 3765; x_wconf 83' lang='lat' dir='ltr'>attinuit3</span> 
     </span>
     <span class='ocr_line' id='line_1_34' title="bbox 265 3788 1457 3854; baseline 0.002 -17"><span class='ocrx_word' id='word_1_319' title='bbox 265 3790 330 3837; x_wconf 84' lang='lat' dir='ltr'>XIII</span> <span class='ocrx_word' id='word_1_320' title='bbox 357 3802 389 3852; x_wconf 89' lang='lat'>27</span> <span class='ocrx_word' id='word_1_321' title='bbox 409 3804 476 3853; x_wconf 90' lang='lat' dir='ltr'>quos</span> <span class='ocrx_word' id='word_1_322' title='bbox 495 3789 611 3837; x_wconf 87' lang='lat' dir='ltr'>vindicta</span> <span class='ocrx_word' id='word_1_323' title='bbox 629 3795 754 3853; x_wconf 88' lang='lat' dir='ltr'>patronus</span> <span class='ocrx_word' id='word_1_324' title='bbox 773 3804 826 3837; x_wconf 90' lang='lat' dir='ltr'>non</span> <span class='ocrx_word' id='word_1_325' title='bbox 848 3788 973 3854; x_wconf 88' lang='lat' dir='ltr'>liberarit,</span> <span class='ocrx_word' id='word_1_326' title='bbox 991 3788 1063 3838; x_wconf 89' lang='lat' dir='ltr'>velut</span> <span class='ocrx_word' id='word_1_327' title='bbox 1082 3789 1169 3838; x_wconf 85' lang='lat' dir='ltr'>vinclo</span> <span class='ocrx_word' id='word_1_328' title='bbox 1188 3790 1322 3839; x_wconf 83' lang='lat' dir='ltr'>servitutis</span> <span class='ocrx_word' id='word_1_329' title='bbox 1340 3789 1457 3853; x_wconf 81' lang='lat' dir='ltr'>attineri3</span> 
     </span>
     <span class='ocr_line' id='line_1_35' title="bbox 265 3874 1460 3942; baseline 0.003 -20"><span class='ocrx_word' id='word_1_330' title='bbox 265 3875 341 3939; x_wconf 93' lang='lat' dir='ltr'>XIII,</span> <span class='ocrx_word' id='word_1_331' title='bbox 363 3875 397 3936; x_wconf 87' lang='lat'>46</span> <span class='ocrx_word' id='word_1_332' title='bbox 424 3875 446 3923; x_wconf 92' lang='lat' dir='ltr'>si</span> <span class='ocrx_word' id='word_1_333' title='bbox 471 3875 537 3923; x_wconf 89' lang='lat' dir='ltr'>ultra</span> <span class='ocrx_word' id='word_1_334' title='bbox 562 3890 639 3923; x_wconf 89' lang='lat' dir='ltr'>unam</span> <span class='ocrx_word' id='word_1_335' title='bbox 665 3874 824 3938; x_wconf 88' lang='lat' dir='ltr'>alteramque</span> <span class='ocrx_word' id='word_1_336' title='bbox 844 3881 948 3923; x_wconf 89' lang='lat' dir='ltr'>noctem</span> <span class='ocrx_word' id='word_1_337' title='bbox 966 3874 1119 3923; x_wconf 87' lang='lat' dir='ltr'>attineretur</span> <span class='ocrx_word' id='word_1_338' title='bbox 1136 3874 1274 3941; x_wconf 86' lang='lat' dir='ltr'>(Poppaea</span> <span class='ocrx_word' id='word_1_339' title='bbox 1293 3892 1309 3925; x_wconf 88' lang='lat' dir='ltr'>a</span> <span class='ocrx_word' id='word_1_340' title='bbox 1328 3875 1460 3942; x_wconf 74' lang='lat' dir='ltr'>Nerone),</span> 
     </span>
     <span class='ocr_line' id='line_1_36' title="bbox 265 3961 1459 4026; baseline 0 -17"><span class='ocrx_word' id='word_1_341' title='bbox 265 3961 340 4025; x_wconf 91' lang='lat' dir='ltr'>XIII,</span> <span class='ocrx_word' id='word_1_342' title='bbox 366 3971 398 4024; x_wconf 83' lang='lat'>53</span> <span class='ocrx_word' id='word_1_343' title='bbox 425 3977 458 4010; x_wconf 87' lang='lat' dir='ltr'>ne</span> <span class='ocrx_word' id='word_1_344' title='bbox 482 3968 568 4011; x_wconf 86' lang='lat' dir='ltr'>tamen</span> <span class='ocrx_word' id='word_1_345' title='bbox 593 3977 699 4026; x_wconf 85' lang='lat' dir='ltr'>segnem</span> <span class='ocrx_word' id='word_1_346' title='bbox 724 3962 833 4010; x_wconf 90' lang='lat' dir='ltr'>militem</span> <span class='ocrx_word' id='word_1_347' title='bbox 857 3961 1009 4026; x_wconf 74' lang='lat' dir='ltr'>attinerent,</span> <span class='ocrx_word' id='word_1_348' title='bbox 1031 3961 1104 4026; x_wconf 91' lang='lat' dir='ltr'>XlV,</span> <span class='ocrx_word' id='word_1_349' title='bbox 1122 3970 1154 4025; x_wconf 83' lang='lat'>²5</span> <span class='ocrx_word' id='word_1_350' title='bbox 1174 3961 1280 4010; x_wconf 89' lang='lat' dir='ltr'>attineri</span> <span class='ocrx_word' id='word_1_351' title='bbox 1299 3977 1314 4010; x_wconf 86' lang='lat' dir='ltr'>a</span> <span class='ocrx_word' id='word_1_352' title='bbox 1334 3977 1362 4011; x_wconf 88' lang='lat' dir='ltr'>se</span> <span class='ocrx_word' id='word_1_353' title='bbox 1382 3961 1459 4011; x_wconf 90' lang='lat' dir='ltr'>Volo·</span> 
     </span>
     <span class='ocr_line' id='line_1_37' title="bbox 264 4047 1458 4113; baseline 0.002 -18"><span class='ocrx_word' id='word_1_354' title='bbox 264 4062 359 4111; x_wconf 85' lang='lat' dir='ltr'>gaesen</span> <span class='ocrx_word' id='word_1_355' title='bbox 386 4063 432 4110; x_wconf 91' lang='lat' dir='ltr'>pro</span> <span class='ocrx_word' id='word_1_356' title='bbox 458 4048 568 4112; x_wconf 84' lang='lat' dir='ltr'>pignore</span> <span class='ocrx_word' id='word_1_357' title='bbox 592 4047 721 4096; x_wconf 87' lang='lat' dir='ltr'>amicitiae</span> <span class='ocrx_word' id='word_1_358' title='bbox 746 4054 922 4113; x_wconf 72' lang='lat' dir='ltr'>ostentantes,</span> <span class='ocrx_word' id='word_1_359' title='bbox 944 4048 1017 4112; x_wconf 90' lang='lat' dir='ltr'>XIV,</span> <span class='ocrx_word' id='word_1_360' title='bbox 1038 4047 1070 4111; x_wconf 89' lang='grc'>56</span> <span class='ocrx_word' id='word_1_361' title='bbox 1090 4048 1165 4112; x_wconf 85' lang='lat' dir='ltr'>quasi</span> <span class='ocrx_word' id='word_1_362' title='bbox 1184 4047 1337 4097; x_wconf 87' lang='lat' dir='ltr'>valetudine</span> <span class='ocrx_word' id='word_1_363' title='bbox 1356 4047 1458 4097; x_wconf 83' lang='lat' dir='ltr'>insensa</span> 
     </span>
     <span class='ocr_line' id='line_1_38' title="bbox 264 4133 1459 4199; baseline 0 -17"><span class='ocrx_word' id='word_1_364' title='bbox 264 4143 307 4182; x_wconf 88' lang='lat' dir='ltr'>aut</span> <span class='ocrx_word' id='word_1_365' title='bbox 332 4134 476 4197; x_wconf 88' lang='lat' dir='ltr'>sapientiae</span> <span class='ocrx_word' id='word_1_366' title='bbox 498 4134 590 4183; x_wconf 87' lang='lat' dir='ltr'>studiis</span> <span class='ocrx_word' id='word_1_367' title='bbox 609 4133 679 4182; x_wconf 90' lang='lat' dir='ltr'>domi</span> <span class='ocrx_word' id='word_1_368' title='bbox 697 4134 863 4199; x_wconf 75' lang='lat' dir='ltr'>attineretur,</span> <span class='ocrx_word' id='word_1_369' title='bbox 884 4134 919 4182; x_wconf 90' lang='lat' dir='ltr'>H.</span> <span class='ocrx_word' id='word_1_370' title='bbox 940 4134 975 4197; x_wconf 90' lang='lat' dir='ltr'>ll,</span> <span class='ocrx_word' id='word_1_371' title='bbox 998 4147 1029 4195; x_wconf 85' lang='lat'>14</span> <span class='ocrx_word' id='word_1_372' title='bbox 1049 4134 1076 4183; x_wconf 88' lang='lat' dir='ltr'>ni</span> <span class='ocrx_word' id='word_1_373' title='bbox 1096 4134 1220 4183; x_wconf 80' lang='lat' dir='ltr'>vIctorem</span> <span class='ocrx_word' id='word_1_374' title='bbox 1239 4135 1384 4184; x_wconf 82' lang='lat' dir='ltr'>exercitum</span> <span class='ocrx_word' id='word_1_375' title='bbox 1402 4134 1459 4184; x_wconf 85' lang='lat' dir='ltr'>atti·</span> 
     </span>
     <span class='ocr_line' id='line_1_39' title="bbox 264 4221 631 4269; baseline -0.003 0"><span class='ocrx_word' id='word_1_376' title='bbox 264 4221 364 4269; x_wconf 85' lang='lat' dir='ltr'>auisset</span> <span class='ocrx_word' id='word_1_377' title='bbox 382 4221 520 4269; x_wconf 90' lang='lat' dir='ltr'>obscurum</span> <span class='ocrx_word' id='word_1_378' title='bbox 539 4221 631 4269; x_wconf 87' lang='lat' dir='ltr'>noctis.</span> 
     </span>
    </p>

    <p class='ocr_par' dir='ltr' id='par_1_9' title="bbox 264 4302 1461 4457">
     <span class='ocr_line' id='line_1_40' title="bbox 302 4302 1461 4373; baseline 0 -18"><span class='ocrx_word' id='word_1_379' title='bbox 302 4307 342 4355; x_wconf 86' lang='lat' dir='ltr'>En</span> <span class='ocrx_word' id='word_1_380' title='bbox 368 4306 492 4355; x_wconf 85' lang='lat' dir='ltr'>exhausta</span> <span class='ocrx_word' id='word_1_381' title='bbox 511 4307 628 4356; x_wconf 86' lang='lat' dir='ltr'>material</span> <span class='ocrx_word' id='word_1_382' title='bbox 650 4307 734 4355; x_wconf 89' lang='lat' dir='ltr'>Omisi</span> <span class='ocrx_word' id='word_1_383' title='bbox 754 4315 854 4355; x_wconf 88' lang='lat' dir='ltr'>tantum</span> <span class='ocrx_word' id='word_1_384' title='bbox 873 4322 969 4370; x_wconf 86' lang='lat' dir='ltr'>paucos</span> <span class='ocrx_word' id='word_1_385' title='bbox 988 4306 1048 4355; x_wconf 92' lang='lat' dir='ltr'>illos</span> <span class='ocrx_word' id='word_1_386' title='bbox 1067 4307 1140 4356; x_wconf 89' lang='lat' dir='ltr'>locos</span> <span class='ocrx_word' id='word_1_387' title='bbox 1159 4308 1204 4356; x_wconf 91' lang='lat' dir='ltr'>ubi</span> <span class='ocrx_word' id='word_1_388' title='bbox 1222 4308 1294 4373; x_wconf 82' lang='lat' dir='ltr'>quod</span> <span class='ocrx_word' id='word_1_389' title='bbox 1309 4309 1409 4357; x_wconf 81' lang='lat' dir='ltr'>attinet</span> <span class='ocrx_word' id='word_1_390' title='bbox 1425 4302 1461 4357; x_wconf 81' lang='lat' dir='ltr'>ad</span> 
     </span>
     <span class='ocr_line' id='line_1_41' title="bbox 264 4393 366 4457; baseline 0.01 -16"><span class='ocrx_word' id='word_1_391' title='bbox 264 4393 366 4457; x_wconf 83' lang='lat' dir='ltr'>legitur.</span> 
     </span>
    </p>
   </div>
   <div class='ocr_carea' id='block_1_6' title="bbox 0 0 1653 5280">
    <p class='ocr_par' dir='ltr' id='par_1_10' title="bbox 0 0 1653 5280">
     <span class='ocr_line' id='line_1_42' title="bbox 0 0 1653 5280; baseline 0 0"><span class='ocrx_word' id='word_1_392' title='bbox 0 0 1653 5280; x_wconf 95' lang='lat' dir='ltr'> </span> 
     </span>
    </p>
   </div>
  </div>
 </body>
</html>
