3210 5274
776 374 818 436 62

201 576 316 618 revera
337 555 490 616 evenisse
511 563 648 629 statuat,
670 574 757 635 quae
777 553 896 634 tragici
917 552 991 634 plus
1012 551 1149 614 habeat.
1170 550 1393 613 Tumtradita

199 675 301 737 lectio
328 676 496 756 optimum
520 673 609 735 hunc
634 673 777 755 praebet
802 691 954 735 sensum:
980 671 1052 732 sive
1076 669 1176 732 finxit
1202 669 1286 731 illud
1315 688 1394 745 ,non

200 795 294 856 iussit
326 793 453 868 Oth0’‘,
484 794 555 854 sive
587 793 630 855 de
662 792 896 854 coniuratione
928 809 1049 852 vocem
1080 788 1235 869 aliquam
1265 787 1397 848 mittens

200 922 308 974 semet
328 913 438 994 ipsum
459 921 633 993 tamquam
656 911 828 973 conscium
848 911 920 971 eius
940 907 1114 971 indicavit.
1137 906 1188 969 At
1207 907 1273 967 ista
1290 906 1398 967 omnia

201 1030 455 1112 Nipperdeiana
478 1029 673 1092 coniectura
697 1037 851 1110 pereunt.
876 1027 1065 1100 Praeterea,
1085 1025 1113 1086 si
1133 1025 1232 1088 siluit
1251 1024 1397 1105 legimus,

201 1152 282 1231 quid
308 1152 373 1212 isto
397 1151 485 1231 qnod
506 1148 688 1212 iaciamus?

246 1269 290 1330 H.
317 1269 341 1343 I,
365 1288 419 1348 44.
449 1269 583 1348 ,Plures
612 1288 715 1348 quam
743 1276 882 1329 centum
907 1266 1026 1347 viginti
1051 1264 1185 1328 libellos
1210 1266 1395 1347 praemium

201 1389 458 1469 exposcentium
493 1387 537 1449 ob
569 1387 716 1468 aliquam
743 1385 930 1449 notabilem
955 1384 1011 1447 illa
1035 1385 1090 1447 die
1114 1385 1173 1466 (sc.
1197 1404 1269 1465 qua
1292 1383 1397 1446 Galba

201 1507 345 1588 Pisoque
370 1516 447 1569 sunt
472 1507 585 1587 occisi)
610 1525 749 1587 operam
775 1504 934 1569 Vitellius
958 1513 1077 1585 postea
1097 1503 1247 1577 invenit;
1269 1520 1398 1564 omnes·

202 1646 268 1708 que
299 1627 452 1708 conquiri
485 1635 519 1688 et
545 1625 688 1688 interfici
713 1625 818 1698 iussit,
843 1644 911 1687 non
936 1623 1056 1685 honori
1080 1620 1224 1696 Galbae,
1249 1621 1310 1683 sed
1336 1630 1397 1682 tra·

202 1745 274 1807 dito
299 1745 508 1828 principibus
529 1766 631 1819 more,
654 1745 901 1808 munimentum
923 1744 956 1806 in
979 1762 1149 1824 praesens,
1171 1743 1205 1803 in
1227 1752 1398 1823 posterum

203 1864 400 1927 ultionem”.

248 1984 312 2045 Pro
337 1984 571 2045 nnnsirnentum
596 1983 827 2065 adpraesens,
852 1983 885 2045 in
904 1994 1075 2065 posterum
1096 1981 1254 2044 ultionem
1275 1979 1400 2062 ingeni·

202 2104 354 2165 osissime
390 2102 543 2164 Muretus
579 2104 774 2184 proposuit:
810 2103 1046 2164 munimentum
1081 2102 1116 2163 in
1145 2112 1321 2182 posterum
1357 2099 1402 2162 ad

198 2235 358 2305 praesens
377 2223 540 2285 ultionem.
562 2222 606 2284 Et
626 2231 741 2284 tamen
763 2243 827 2304 ego
846 2222 937 2284 illam
956 2222 1167 2285 conicturam
1179 2221 1397 2283 reiiciendam

203 2362 336 2416 censeo,
365 2362 432 2404 non
457 2343 549 2423 quod
575 2361 694 2422 parurn
719 2350 837 2423 aptum
861 2342 938 2404 huic
962 2340 1039 2404 loco
1062 2359 1199 2402 sensum
1225 2339 1397 2421 praebeat,

202 2462 260 2521 sed
293 2461 371 2541 quia
403 2460 539 2541 vulgata
571 2480 707 2542 quoque
736 2461 838 2523 lectio
862 2461 998 2541 egregie
1021 2459 1198 2522 consilium
1224 2459 1396 2539 quoddam

204 2579 320 2642 Vitelli
342 2579 453 2653 refert,
474 2580 577 2660 idque
599 2579 737 2641 minime
758 2579 960 2642 absurdum:
983 2580 1016 2642 in
1034 2579 1228 2661 praesentia
1241 2577 1399 2640 Vitellius

202 2700 265 2760 sibi
291 2700 538 2761 munimentum
563 2708 598 2762 et
622 2700 839 2761 securitatem
861 2699 1013 2781 parabat,
1035 2699 1192 2762 homines
1212 2699 1322 2761 cuivis
1342 2700 1397 2759 im⁴

204 2819 350 2900 peratori
376 2819 498 2881 infidos
522 2821 565 2880 de
591 2820 704 2881 medio
729 2819 862 2894 tollens,
887 2828 921 2881 et
946 2820 979 2882 in
1001 2828 1175 2902 posterum
1195 2839 1335 2901 sperare
1354 2820 1396 2880 sic

206 2947 350 3020 poterat,
376 2939 402 2999 si
427 2939 498 3019 ipse
523 2958 659 3018 quoque
684 2938 796 3019 aliqua
820 2940 1015 3020 proditione
1039 2939 1229 3014 cecidisset,
1254 2947 1396 3001 mortem

204 3078 299 3120 suam
329 3057 470 3119 inultam
496 3077 563 3119 non
588 3057 675 3119 sore:
701 3058 807 3119 videri
832 3059 922 3120 enirn
948 3067 1083 3140 poterat
1107 3077 1176 3120 non
1201 3059 1264 3120 sibi
1291 3059 1395 3121 solum

204 3177 418 3256 prospexisse
442 3176 500 3236 sed
526 3184 561 3236 et
585 3195 815 3238 successorum
839 3177 1012 3240 securitati
1036 3185 1072 3240 et
1094 3178 1237 3240 omnino
1257 3179 1396 3260 impera·

205 3295 311 3355 toriae
337 3295 508 3375 potestati.

251 3413 294 3474 H.
321 3413 362 3486 ll,
389 3429 440 3476 20.
465 3413 637 3491 ,Uxorem
658 3415 729 3475 eius
749 3413 940 3496 (Caecinae)
961 3414 1167 3490 Saloninam,
1189 3433 1394 3497 quamquam

204 3533 237 3592 in
258 3531 379 3593 nullius
399 3532 554 3594 iniuriam
574 3533 715 3613 insignis
735 3551 824 3612 equo
844 3540 1005 3614 ostroque
1019 3533 1209 3609 veheretur,
1221 3543 1394 3616 tamquam

204 3653 284 3714 laesi
309 3651 569 3734 gravabantur’'.

250 3770 314 3832 Pro
344 3772 484 3852 insignis
516 3770 721 3832 Puteolanus
752 3771 886 3852 insigni,
919 3790 1006 3851 quae
1038 3772 1233 3834 coniectura
1266 3782 1394 3836 tantum

205 3888 302 3950 abest
326 3897 361 3948 ut
386 3890 428 3949 sit
453 3889 640 3949 necessaria
665 3896 701 3949 ut
725 3889 929 3950 sententiam
954 3891 1153 3964 conturbet;
1176 3910 1255 3953 nam
1277 3887 1394 3973 insigni

204 4029 282 4088 equo
312 4006 388 4068 nelei
417 4006 538 4086 aliquis
570 4014 661 4067 recte
693 4006 825 4079 dicitur,
856 4008 981 4089 insigni
1002 4021 1092 4072 ostro
1115 4009 1192 4071 vehi
1213 4010 1394 4072 subridicu-

205 4127 274 4188 lum
298 4132 359 4186 est.

252 4245 294 4305 H.
321 4244 380 4316 ΙΙΙ,
405 4245 458 4321 64.
488 4243 555 4321 ,At
576 4245 740 4324 primores
760 4246 907 4307 civitatis
928 4246 1084 4310 Flavium
1107 4245 1283 4321 Sabinum,
1305 4265 1394 4330 prae·

205 4364 332 4424 sectum
356 4363 456 4435 urbis,
481 4365 619 4424 secretis
643 4364 855 4425 sermonibus
879 4366 1068 4428 incitabant
1091 4367 1255 4430 victoriae
1275 4367 1394 4429 samae-
