3292 5280
804 419 843 485 32

224 581 415 664 pericula..
431 629 460 644 ..
482 579 568 644 Curi
589 581 676 662 Quia
697 582 801 645 habet
820 582 959 664 aliquid,
980 584 1073 664 quod
1093 601 1204 664 neque
1226 581 1322 643 Nero
1335 580 1426 644 serre

225 722 334 783 neque
358 703 430 783 ipse
454 701 626 782 deponere
651 702 718 763 iam
739 701 856 782 possit.
878 700 950 763 lam
971 701 1051 764 inde
1071 700 1115 763 ab
1135 698 1243 763 Actes
1261 708 1426 781 tempore

224 821 333 902 (XIII,
371 821 431 902 12),
464 820 498 882 in
527 840 643 883 eorum
668 819 776 882 fuerat
800 839 950 894 numero,
975 821 1175 901 quibuscum
1200 819 1295 882 Nero
1320 820 1426 900 genio

224 939 398 1020 indulgere
418 938 561 1000 solebat.
585 939 677 1020 Ergo
698 939 772 1020 plus
792 939 957 1001 tredecim
977 939 1056 1001 anni
1073 946 1150 1001 sunt
1163 957 1206 1000 ex
1218 957 1289 1019 quo
1303 939 1428 1002 retinet

225 1060 450 1142 speciem...
483 1058 577 1119 cuius
608 1055 677 1120 rei?
710 1057 892 1121 Libertatis
922 1057 1044 1139 opinor
1073 1066 1107 1120 et
1131 1055 1318 1135 παρρησίας.
1345 1056 1426 1120 Non

225 1185 360 1258 poterat
391 1176 553 1238 adversus
585 1177 757 1239 Neronem
789 1176 935 1239 aulicum
966 1196 1076 1259 agere,
1110 1177 1170 1239 sed
1194 1176 1365 1259 quidquid
1392 1177 1427 1239 in

227 1305 377 1358 mentem
400 1295 560 1358 veniebat
583 1295 688 1358 libere
713 1295 991 1377 proloquebatur,
1015 1296 1204 1359 identidem
1229 1297 1336 1358 etiam
1358 1296 1427 1358 Ne·

226 1434 344 1477 ronem
365 1415 567 1495 obiurgabat
585 1414 843 1495 deridebatque,
857 1434 1001 1495 seroque
1014 1414 1061 1477 sic
1074 1415 1229 1477 odiosum
1243 1434 1279 1476 se
1293 1414 1426 1477 Neroni

226 1539 353 1597 lactum
384 1533 535 1615 agnovit.
569 1533 705 1614 Ergone
738 1554 800 1615 pro
831 1534 998 1597 amicitiae
1029 1531 1211 1615 legendum
1235 1533 1425 1598 libertatis?

229 1655 307 1716 Non
328 1654 459 1735 opinor,
480 1672 687 1735 quamquam
707 1653 754 1715 sic
776 1674 843 1716 non
863 1652 1097 1716 incredibilem
1117 1652 1254 1716 librario
1271 1674 1424 1717 errorem

228 1774 516 1856 imputaverimus.
543 1772 717 1835 Eiusmodi
743 1773 834 1834 enim
858 1772 951 1835 locus
976 1781 1027 1835 est
1051 1781 1088 1835 ut
1112 1792 1181 1835 vox
1203 1774 1355 1837 amicitia
1374 1774 1425 1836 in-

227 1892 431 1974 tempestive
463 1892 493 1954 ei
524 1893 558 1953 in
592 1898 741 1953 mentem
768 1891 883 1953 venire
907 1891 1067 1972 potuerit.
1093 1889 1171 1965 Sed,
1196 1891 1260 1953 nisi
1285 1911 1342 1954 me
1366 1890 1425 1954 tal-

229 2012 302 2074 lunt
333 2012 457 2085 omnia,
488 2011 623 2093 speciem
650 2011 817 2073 amicitiae
840 2010 921 2072 illud
947 2011 1058 2091 ipsum
1083 2009 1272 2092 significare
1296 2019 1425 2092 potest.

230 2128 350 2192 Servat
375 2128 519 2193 Senecio
544 2128 578 2192 id
602 2128 695 2210 quod
721 2129 755 2190 in
779 2129 928 2191 amicitia
952 2129 1099 2190 maxime
1124 2129 1262 2202 eminet,
1286 2148 1332 2190 ex
1355 2149 1426 2210 quo

229 2248 343 2311 statim
366 2249 579 2329 agnoscimus
600 2248 687 2309 inter
708 2248 874 2328 quosdam
895 2247 1050 2310 homines
1070 2267 1142 2310 esse
1159 2245 1329 2328 peculiare
1343 2245 1425 2309 illud

230 2367 399 2428 amicitiae
436 2366 622 2429 vinculum:
655 2367 817 2429 incuriam
850 2368 1021 2447 quandam
1051 2367 1137 2441 dico,
1171 2365 1427 2447 negligentiam,

229 2487 393 2549 sermonis
413 2485 616 2548 libertatern.
639 2485 859 2548 Conferamus
880 2506 967 2567 quae
988 2506 1017 2548 c.
1030 2485 1072 2548 68
1086 2485 1129 2547 de
1143 2485 1289 2547 Vestino
1309 2484 1426 2566 legun-

228 2616 300 2669 tur:
333 2605 511 2687 apparebit
544 2624 598 2665 me
630 2612 664 2665 et
696 2612 805 2667 totum
839 2606 882 2668 de
908 2603 1097 2669 Senecione
1121 2603 1234 2668 locum
1259 2613 1294 2667 et
1319 2605 1425 2667 verba

229 2727 363 2809 speciem
386 2724 553 2787 amicitiae
576 2723 663 2784 bene
687 2722 887 2786 illustrasse:

275 2843 526 2927 Opperiebatur
558 2842 660 2917 Ner0,
689 2850 725 2904 ut
750 2842 913 2905 Vestinus
935 2862 1072 2924 quoque
1096 2842 1213 2906 consul
1237 2843 1271 2906 in
1295 2844 1425 2906 crimen

231 2964 430 3037 traheretur,
463 2960 649 3023 violentum
681 2968 715 3022 et
746 2959 912 3023 infensum
946 2971 1053 3025 ratus:
1085 2963 1144 3025 sed
1173 2983 1217 3025 ex
1241 2963 1428 3026 coniuratis

232 3082 372 3146 consilia
397 3101 473 3143 cum
495 3079 639 3142 Vestino
660 3099 728 3141 non
749 3079 951 3142 miscuerant
972 3081 1111 3161 quidam
1132 3082 1273 3144 vetustis
1294 3083 1327 3145 in
1349 3102 1427 3144 eum

231 3200 466 3274 simultatibus,
492 3197 614 3280 plures,
637 3198 717 3279 quia
740 3198 962 3279 praecipitem
990 3208 1024 3262 et
1044 3200 1276 3263 insociabilem
1297 3209 1429 3264 metue·

232 3321 326 3383 bant.
358 3318 516 3381 Ceterum
550 3317 677 3379 Neroni
710 3315 826 3377 odium
852 3317 1012 3379 adversus
1037 3317 1217 3382 Vestinum
1241 3341 1283 3383 ex
1305 3321 1427 3384 intima

232 3439 407 3503 sodalitate
439 3445 609 3517 coeperat,
643 3437 723 3497 dum
753 3435 806 3497 hic
831 3436 1000 3517 ignaviam
1026 3439 1187 3520 principis
1209 3441 1347 3521 penitus
1371 3460 1427 3503 co·

231 3559 361 3641 gnitam
382 3555 537 3638 despicit,
558 3555 613 3617 ille
627 3556 794 3638 ferociam
815 3557 916 3619 antici
927 3558 1058 3632 metuit,
1071 3578 1173 3639 saepe
1186 3560 1316 3640 asperis
1327 3561 1425 3642 face·

231 3678 288 3742 tiis
321 3677 449 3751 illusus,
485 3694 572 3756 quae
608 3675 663 3736 ubi
701 3674 843 3737 multum
880 3696 923 3738 ex
959 3697 1039 3739 vero
1067 3685 1210 3752 traxere,
1235 3697 1349 3741 acrem
1374 3679 1425 3742 sui

231 3798 430 3860 memoriam
454 3795 656 3876 relinquunt.

276 3915 309 3978 A
340 3915 583 3989 coniuratione,
608 3934 695 3996 quae
720 3914 846 3976 Neroni
872 3936 988 3979 revera
1013 3917 1101 3980 sacta
1126 3925 1187 3992 est,
1211 3925 1425 3981 transeamus

232 4035 276 4098 ad
301 4035 448 4109 insidias,
473 4054 557 4116 quas
576 4033 714 4096 Tiberio
734 4042 878 4097 structas
898 4036 1059 4097 mentitus
1080 4044 1131 4097 est
1151 4037 1316 4118 pessimus
1337 4057 1426 4100 mor·

233 4153 361 4217 talium.
381 4154 434 4216 De
456 4153 584 4214 Firmio
605 4152 690 4215 Cato
712 4152 853 4215 Libonis
874 4153 974 4216 Drusi
995 4153 1238 4217 calumniatore
1254 4156 1425 4236 quaedam

233 4272 267 4333 in
293 4271 441 4334 medium
466 4269 645 4352 proferam.
671 4271 739 4333 Res
758 4291 778 4332 a
798 4271 918 4333 Tacito
938 4272 985 4334 sic
1006 4274 1266 4355 narraturlAnn.
1288 4275 1331 4349 ΙΙ,
1355 4276 1425 4357 27):

279 4389 425 4452 Firmius
445 4388 548 4452 Catus
567 4397 713 4464 senator,
734 4410 778 4451 ex
796 4390 915 4452 intima
936 4390 1077 4453 Libonis
1094 4392 1252 4466 amicitia,
1267 4393 1424 4456 iuvenem
