3292 5280
799 383 842 451 47

269 546 348 610 Non
371 546 443 609 sine
463 554 664 629 contemptu
686 556 721 609 et
741 548 921 622 derisione,
943 556 980 610 ut
1000 548 1131 630 opinor,
1153 549 1223 611 dux
1243 549 1297 611 ille
1318 550 1417 612 nimis

224 668 378 751 pavidus,
403 667 460 747 qui
485 667 673 729 identidem
698 667 731 728 in
756 687 866 749 genua
890 667 1093 750 procumbit,
1116 669 1211 731 humi
1223 668 1420 751 plerumque

223 799 354 852 stratus
376 787 509 848 dicitur.
534 785 610 848 Hoc
634 787 725 849 enim
750 787 811 848 nisi
837 787 975 850 Tacitus
998 787 1115 862 voluit,
1140 789 1313 873 quomodo
1334 789 1415 851 illud

217 907 416 991 plerumque
438 913 490 968 est
513 903 772 987 accipiendum?

269 1025 364 1108 Apte
388 1024 531 1088 conferri
555 1032 670 1105 potest
693 1024 785 1105 quod
810 1043 838 1086 c.
863 1025 904 1104 63
930 1023 1080 1086 eiusdem
1105 1025 1181 1087 libri
1205 1025 1342 1108 legitur:
1451 1073 1457 1082 .

273 1144 371 1223 „Non
392 1146 536 1206 omisere
556 1163 616 1225 per
636 1162 695 1205 eos
715 1143 787 1204 dies
808 1141 937 1204 Primus
957 1162 996 1204 ac
1019 1142 1129 1204 Varus
1148 1145 1274 1206 crebris
1291 1145 1417 1208 nuntiis

225 1262 369 1326 salutern
401 1272 436 1325 et
468 1261 647 1344 pecuniam
679 1269 714 1323 et
737 1268 868 1324 secreta
891 1261 1097 1343 Campaniae
1121 1262 1241 1326 offerre
1266 1264 1416 1340 Vitellio,

226 1384 253 1446 si
280 1383 398 1465 positis
420 1382 522 1444 armis
541 1401 645 1463 seque
665 1401 703 1442 ac
725 1380 849 1443 liberos
868 1399 946 1442 suos
967 1380 1179 1463 Vespasiano
1199 1383 1416 1464 permisisset.

227 1503 266 1564 In
292 1503 439 1565 eundem
464 1501 602 1564 modum
627 1508 662 1562 et
687 1499 862 1562 Mucianus
886 1501 1077 1581 composuit
1098 1500 1273 1582 epistulas;
1294 1502 1417 1583 quibus

227 1621 425 1702 plerumque
450 1619 554 1682 fidere
580 1618 738 1681 Vitellius
761 1638 800 1681 ac
821 1619 863 1681 de
884 1638 1025 1680 numero
1045 1638 1229 1693 servorum,
1250 1619 1417 1683 electione

226 1739 363 1802 litorum
388 1738 514 1820 loqui”.

272 1858 405 1920 Nostris
430 1858 483 1920 hic
504 1856 609 1920 oculis
630 1857 784 1919 videmus
804 1855 991 1931 Vitellium,
1011 1857 1184 1920 hominem
1205 1858 1364 1940 ignavum
1383 1868 1418 1923 et

226 1977 441 2060 imperatoris
473 1977 609 2039 nomine
641 1995 744 2057 quam
776 1975 1045 2056 indignissimum
1076 1975 1191 2057 (talem
1224 1985 1315 2040 certe
1339 1998 1417 2041 eum

226 2097 419 2178 legentibus
443 2096 550 2158 videri
570 2095 664 2177 cupit
684 2094 843 2176 Tacitus),
863 2095 964 2156 anxie
984 2095 1065 2175 quid
1086 2104 1166 2176 agat
1185 2104 1416 2177 quaerentem,

226 2225 262 2279 et
294 2235 383 2278 nunc
415 2214 491 2290 huc,
523 2233 612 2276 nunc
643 2213 721 2276 illuc
754 2220 1011 2275 convertentem
1041 2223 1201 2289 mentem,
1225 2216 1285 2277 sed
1309 2216 1356 2278 ita
1380 2225 1418 2278 ut

228 2336 375 2397 maxime
395 2343 509 2397 tamen
530 2333 701 2416 promissis
721 2333 856 2414 quietae
873 2331 1052 2412 lautaeque
1066 2333 1156 2395 vitae
1167 2332 1342 2397 alliciatur.
1356 2334 1417 2397 Illa

226 2456 342 2538 pavidi
366 2455 512 2518 hominis
534 2453 718 2536 trepidatio
744 2452 891 2514 maxime
916 2450 973 2513 illo
990 2451 1187 2533 plerumque
1210 2453 1415 2534 depingitur.
