3210 5274
801 393 860 458 107

275 553 319 616 H.
345 554 407 627 III,
431 572 485 637 47.
508 554 633 630 Naves,
652 556 775 638 quibus
797 556 895 620 Ponti
915 556 1052 618 accolae
1073 564 1221 629 utuntur,
1241 556 1289 617 sic
1302 556 1426 618 des2ri·

228 675 374 738 buntur:

278 793 459 873 ,Camaras
484 802 621 870 voeant,
646 796 729 859 artis
752 795 914 858 lateribus
938 795 1041 858 latam
1066 796 1179 858 alvum
1200 795 1271 858 sine
1292 795 1427 859 vinculo

228 914 318 976 aeris
342 923 400 977 aut
424 913 502 976 ferri
526 934 712 986 conexam;
737 923 773 977 et
796 915 929 978 tumido
950 917 1043 989 mari,
1066 924 1166 997 prout
1186 914 1307 977 fluctus
1326 913 1426 978 attol-

226 1034 320 1108 litur,
352 1055 485 1097 summa
514 1035 651 1098 navium
676 1034 801 1098 tabulis
825 1044 961 1117 augent,
987 1036 1097 1098 donec
1122 1036 1155 1097 in
1181 1036 1320 1097 modum
1345 1034 1426 1096 tecti

226 1153 462 1217 claudantur”.

275 1274 377 1337 Haud
412 1275 514 1338 dubie
547 1275 776 1358 Nipperdeius
799 1295 918 1338 sanum
943 1274 1055 1337 locum
1080 1276 1229 1357 corrupit
1253 1294 1315 1357 pro
1338 1274 1428 1337 artis

227 1392 378 1474 legendo
412 1394 501 1457 altis.
540 1394 630 1457 Nam
666 1393 768 1477 paulo
803 1393 942 1474 quidem
979 1393 1153 1457 obscurius
1188 1393 1337 1476 loquitur
1371 1393 1425 1455 hic

228 1511 371 1574 Tacitus
402 1513 448 1593 (et
480 1512 550 1575 sere
582 1513 726 1576 dixerim
760 1513 875 1594 inepte
907 1533 984 1575 eum
1018 1513 1132 1595 loqui),
1164 1514 1224 1576 sed
1256 1513 1337 1594 quid
1362 1511 1426 1573 sibi

228 1631 313 1694 velit
345 1640 460 1694 tamen
492 1652 554 1714 pro
582 1642 677 1696 certo
703 1635 870 1696 affirmare
892 1652 1081 1716 possumus.
1106 1632 1188 1695 Erat
1213 1631 1345 1694 illarum
1371 1652 1426 1693 na·

229 1751 323 1813 vium
354 1749 450 1812 alvus
480 1750 559 1826 lata,
579 1752 650 1826 sed
675 1752 941 1833 imponebantur
964 1752 1042 1815 alvo
1066 1751 1202 1813 tabulae
1227 1771 1355 1832 pronae
1380 1752 1428 1813 ita

228 1880 266 1934 ut
302 1872 450 1953 spatium
487 1873 579 1954 quod
616 1872 704 1936 inter
736 1872 896 1934 dexteras
927 1881 962 1934 et
993 1871 1144 1934 sinistras
1175 1879 1264 1933 esset
1294 1871 1427 1934 tabulas

228 2011 366 2073 semper
386 1990 483 2054 fieret
502 1992 695 2073 angustius;
716 1992 809 2073 quod
829 1992 939 2055 latera
961 1992 993 2073 (i.
1008 2011 1036 2054 e.
1051 1991 1195 2072 tabulas)
1209 2011 1297 2054 nunc
1315 1992 1427 2071 „arta”

230 2119 343 2185 vocat,
376 2110 619 2173 subridiculum
651 2111 791 2194 quidem
823 2118 884 2186 est,
917 2111 976 2174 sed
1008 2132 1077 2192 quo
1109 2131 1209 2174 sensu
1233 2110 1290 2174 illo
1315 2120 1428 2174 utatur

230 2231 403 2292 adiectivo
428 2231 596 2293 coniicere
621 2231 654 2292 in
676 2240 838 2313 promptu
859 2239 920 2292 est.
941 2230 1090 2293 Tumido
1110 2239 1223 2293 autem
1246 2231 1339 2306 mari,
1358 2251 1426 2312 quo

231 2349 370 2412 altiores
395 2348 524 2411 fiebant
546 2347 666 2411 fluctus
687 2370 728 2412 eo
749 2348 862 2431 plures
881 2349 1017 2413 tabulae
1038 2348 1163 2412 tabulis
1174 2351 1430 2431 superimpone-

233 2469 358 2532 bantur
390 2477 423 2532 et
454 2470 603 2551 spatium
635 2468 716 2531 illud
749 2469 857 2549 magis
885 2469 1059 2550 magisque
1084 2469 1295 2549 coartabant,
1319 2469 1430 2532 donec

231 2589 372 2651 tandem
393 2588 577 2671 aliquando
597 2596 708 2651 totum
725 2588 896 2669 navigium
910 2596 1085 2670 tamquam
1099 2596 1191 2650 tecto
1205 2588 1428 2652 clauderetur.

228 2705 331 2789 Quod
364 2717 479 2769 autem
510 2728 668 2770 camaras
699 2708 895 2790 appositum
928 2707 1032 2770 habet
1055 2706 1168 2771 alvum
1192 2728 1369 2770 connexam
1394 2709 1427 2770 in

226 2846 268 2888 eo
294 2826 430 2889 molesti
455 2836 506 2890 est
531 2826 623 2890 nihil.

272 2947 319 3010 H.
346 2947 407 3022 III,
432 2965 486 3029 49.
519 2946 701 3022 Antonius,
734 2947 861 3010 bellum
893 2948 960 3010 iam
995 2956 1169 3029 peractum
1202 2956 1304 3022 ratus,
1333 2949 1425 3028 quod

220 3066 310 3132 boni
336 3068 381 3130 sit
405 3067 501 3130 ducis
525 3067 672 3130 officium
698 3066 924 3130 obliviscitur:

275 3196 404 3268 ,utque
436 3187 573 3250 licentia
605 3186 746 3250 militem
778 3187 956 3262 imbueret,
981 3186 1235 3250 interfectorum
1260 3188 1427 3250 centurio·

213 3327 311 3373 num
337 3308 475 3371 ordines
499 3307 689 3389 legionibus
713 3306 899 3370 oflerebat”
924 3309 987 3370 i.e.
1011 3328 1090 3370 suos
1113 3307 1176 3370 sibi
1201 3307 1325 3389 eligere
1351 3328 1427 3370 cen·

209 3429 382 3494 turiones
406 3427 569 3510 permisit,
594 3427 885 3509 quemadmodum
910 3437 1053 3509 apparet
1077 3447 1120 3489 ex
1144 3428 1183 3489 iis
1203 3448 1290 3509 quae
1310 3429 1426 3490 statim

203 3556 434 3630 sequuntur:
471 3567 532 3626 „eo
563 3546 722 3629 suffragio
753 3547 1003 3609 turbidissimus
1030 3548 1172 3628 quisque
1197 3545 1337 3622 delecti;
1364 3568 1426 3609 nec

203 3671 325 3734 miles
358 3670 393 3731 in
424 3669 566 3731 arbitrio
597 3670 732 3744 ducum,
757 3669 817 3731 sed
842 3668 946 3730 duces
971 3668 1105 3730 militari
1131 3667 1292 3730 violentia
1316 3667 1426 3730 trahe-

199 3784 386 3855 bantur'’.
421 3787 601 3851 Vocabula
634 3788 771 3850 minime
802 3788 978 3869 ambigua;
1012 3789 1073 3851 scd
1105 3807 1192 3868 quae
1217 3807 1305 3850 nunc
1329 3788 1426 3850 addit

200 3904 368 3974 Tacitus
389 3908 500 3971 minus
520 3915 677 3970 accurate
698 3906 869 3987 legentem
891 3908 1021 3989 possint
1039 3908 1199 3969 inducere
1213 3907 1246 3968 in
1260 3927 1424 3968 errorem:

209 4048 339 4111 „quae
360 4027 524 4090 seditiosa
543 4034 578 4088 et
598 4027 867 4108 corrumpendae
889 4026 1087 4108 disciplinae
1110 4047 1190 4089 mox
1210 4027 1243 4088 in
1263 4026 1424 4108 praedam

206 4145 421 4211 vertebat”.
454 4145 533 4209 Noli
566 4153 685 4228 putare
717 4165 761 4207 ex
792 4147 867 4228 ipso
901 4146 957 4210 illo
982 4147 1182 4228 pravissimo
1206 4146 1357 4218 consiliu,
1383 4147 1425 4208 de

214 4286 298 4351 quo
331 4267 498 4329 hactenus
529 4274 580 4328 est
613 4273 794 4340 narratum,
827 4266 908 4328 lucri
933 4265 1060 4347 aliquid
1086 4265 1291 4346 quaesivisse
1317 4264 1426 4327 Anto·

218 4390 335 4462 nium,
367 4386 448 4448 licet
480 4386 585 4448 verba
617 4386 651 4448 in
675 4385 841 4468 praedam
872 4386 1022 4450 vertebat
1044 4386 1154 4467 primo
1179 4393 1319 4467 aspectu
1344 4384 1424 4447 illud
