3210 5274
767 412 831 481 297

202 575 264 656 ἔφη
299 573 457 655 πρόρρησιν
490 575 731 653 ἐμπεπτωκέναι
761 582 917 654 λογισμοῦ
941 578 1070 657 δεομένῳ
1093 574 1266 656 χρημάτων
1291 576 1394 656 αιἰτςῖιι

204 696 349 761 Galliam
374 701 464 761 enim
488 699 665 762 subactam
688 699 751 762 sibi
776 701 923 781 praedae
947 699 1029 774 sore,
1054 698 1183 762 Galbae
1204 719 1284 762 vero
1305 698 1396 761 bona

202 817 318 880 statim
350 838 386 880 se
417 819 643 881 venditurum.
676 818 745 881 Ista
770 816 927 898 πρόρρησιν
951 822 1106 894 λογισμοῦ
1132 839 1199 881 non
1224 817 1394 899 intelligo:

201 944 381 1018 expectem
406 937 474 1000 lere
499 934 656 1015 πρόφασιν
679 941 918 1015 χρηματισμοῦ.

247 1054 356 1118 Galba
381 1056 448 1118 Vll
486 1057 588 1120 Mane
620 1058 664 1120 ad
689 1056 833 1120 Galbam
859 1055 967 1119 Icelus
991 1057 1101 1119 Roma
1125 1057 1218 1119 venit
1239 1056 1396 1119 nuntians

202 1169 247 1237 ὅτι
280 1173 332 1236 καί
364 1174 472 1255 ζῶντος
505 1173 550 1238 ἔτι
575 1179 629 1239 τοῦ
654 1174 801 1254 Νέρωνος,
823 1177 876 1238 οὐκ
902 1171 986 1245 ὄντος
1013 1174 1044 1238 δὲ
1068 1179 1215 1253 Φανεροῦ,
1239 1174 1274 1237 τὸ
1299 1171 1395 1253 στροί-

201 1317 306 1368 τευμα
342 1299 457 1373 πρῶτον
490 1290 561 1358 εἶτα
592 1295 605 1358 ὁ
638 1295 732 1372 δῆμος
764 1296 817 1358 καί
850 1297 867 1369 ἡ
899 1292 1077 1371 σύγκλητος
1106 1291 1319 1374 αὐτοκροίτορα
1342 1293 1395 1358 τὸν

204 1411 339 1490 Γοίλβιιν
371 1415 619 1494 ἀναγορεύσειεν.
653 1418 717 1480 Pro
748 1415 800 1479 καὶ
836 1415 944 1498 ζῶντος
978 1416 1157 1498 requiritur
1187 1414 1295 1496 ζῶντος
1325 1412 1394 1491 μέν.

203 1535 307 1598 Paulo
333 1546 411 1618 post
434 1537 602 1619 sequitur:
629 1537 682 1599 hic
708 1540 844 1600 nuntius
868 1536 1012 1601 Galbam
1037 1536 1162 1599 clarum
1188 1536 1336 1598 reddidit
1361 1542 1396 1598 et

202 1656 244 1717 ad
278 1655 367 1718 fores
391 1657 462 1719 eius
486 1658 629 1720 accurrit
654 1656 837 1720 multitudo
862 1657 1037 1721 hominum
1061 1652 1321 1732 ἐκτεθαρρηκότων
1343 1652 1396 1717 ὑπ’

202 1774 297 1836 αὑτοῦ
320 1773 474 1850 βεβαίως.
507 1776 540 1839 Α
565 1774 736 1857 quonam?
760 1776 819 1839 Ab
844 1774 1000 1839 Icelone?
1025 1775 1130 1837 Tum:
1154 1772 1255 1836 καίτοι
1280 1773 1314 1836 τὸ
1339 1771 1396 1835 τοί-

201 1914 258 1970 χος
291 1890 325 1966 ἦν
361 1892 506 1958 οίπιστον.
539 1893 645 1956 Ἀλλίι
677 1893 731 1956 καί
756 1893 841 1957 δυσίν
866 1893 994 1973 ἡμέραις
1020 1893 1140 1964 Οὐίνιος
1166 1892 1261 1963 Τίτος
1289 1892 1395 1956 πολλοὶ

200 2017 259 2075 τῶν
294 2013 357 2076 οὶπὸ
391 2013 600 2091 στρατοπέδου
632 2012 702 2090 μεθ’
734 2012 842 2092 ἑτέρων
866 2013 1000 2093 οὶΦίκετο
1027 2014 1069 2076 τοὶ
1095 2011 1230 2089 δόξαντα
1253 2022 1292 2093 τῇ
1318 2036 1397 2090 συγ-

202 2133 305 2212 κλήτῳ
330 2136 398 2196 καθ’
423 2131 554 2197 ἕκαστον
578 2134 812 2212 οίπαγγέλλων.
837 2136 936 2199 Plura
960 2136 1014 2198 hic
1038 2145 1117 2198 sunt
1136 2135 1272 2199 turbata
1292 2135 1396 2216 (certe

202 2263 400 2337 corruptum
433 2264 484 2318 est
515 2253 622 2316 πολλοὶ
653 2256 734 2337 τῶν),
760 2256 820 2318 sed
844 2255 1002 2318 universa
1024 2256 1193 2318 sententia
1218 2253 1300 2317 mihi
1324 2253 1396 2336 qui·

205 2373 283 2435 dem
317 2375 400 2436 haec
425 2395 497 2438 esse
523 2375 674 2438 videtur:
703 2385 836 2455 „tamen
862 2378 934 2458 ipsa
958 2374 1112 2438 celeritas
1136 2374 1299 2438 militibus
1324 2394 1399 2455 pro·

204 2493 472 2575 vincialibusque
503 2496 731 2577 suspicionem
764 2497 900 2560 iniicere
931 2497 1113 2560 debuerat:
1139 2496 1284 2559 Romam
1309 2494 1399 2557 enim

205 2613 262 2692 qui
295 2613 338 2675 ab
370 2634 411 2676 eo
443 2615 562 2676 missus
593 2623 665 2677 erat
697 2616 739 2678 ad
765 2636 876 2679 rerum
900 2616 1167 2698 opinionumque
1191 2623 1317 2678 statum
1342 2633 1398 2680 ex·

204 2731 418 2812 plorandum,
451 2733 548 2795 Titus
581 2733 711 2808 Vinius.
744 2734 811 2797 iarn
843 2735 944 2797 tertio
977 2735 1031 2798 die
1062 2735 1180 2798 aderat
1203 2741 1398 2797 accuratum

203 2849 350 2913 referens
376 2853 530 2915 nuntium
555 2854 598 2915 de
622 2861 758 2916 senatus
782 2854 983 2918 sententia.'’

251 2970 388 3054 „Atque
421 2972 542 3035 Vinius
577 2975 716 3054 quidem
752 2976 794 3037 ad
831 2976 1083 3039 honoratiorem
1116 2975 1255 3038 militiae
1286 2974 1397 3036 locum

206 3090 475 3171 provehebatur:
507 3091 630 3155 liberto
663 3093 823 3156 annulum
856 3095 951 3156 dedit
975 3114 1113 3157 aureum
1137 3098 1190 3156 καί
1216 3092 1397 3170 Μαρκιανὸς

205 3205 218 3269 ὁ
237 3206 358 3278 Ἴκελος
379 3209 433 3283 ἤδη
458 3212 648 3286 κοινούμενος
669 3211 758 3275 κτὲ.”
788 3213 964 3276 Libertum
985 3213 1078 3275 illum
1098 3212 1224 3276 Icelum
1238 3196 1311 3275 esse
1324 3213 1399 3294 quis

207 3336 277 3391 tam
307 3330 411 3392 hebes
436 3332 493 3412 qui
519 3352 586 3394 non
612 3331 799 3415 intelligat?
825 3334 916 3415 Ergo
941 3333 994 3396 hic
1019 3330 1173 3403 ὁἼκελος
1198 3332 1398 3396 tollendum.

253 3448 361 3512 Galba
386 3450 418 3512 X
457 3451 586 3514 Motum
611 3453 714 3514 etiam
739 3453 867 3516 Galbae
887 3453 1060 3516 inliciebat
1081 3454 1253 3536 Virginius
1274 3452 1397 3516 Rufus:

208 3589 309 3630 nemo
333 3570 423 3631 enirn
448 3578 543 3634 tanta
567 3579 639 3634 erat
664 3571 753 3635 lama
777 3581 904 3654 quanta
928 3572 994 3647 ille,
1017 3572 1055 3642 ὥς
1080 3572 1219 3652 μεγίστῃ
1238 3575 1313 3652 ρὀπῇ
1334 3577 1398 3641 τοῖς

206 3686 365 3764 Ῥωμαίων
386 3688 556 3767 προίγμοιτι
578 3692 751 3769 τυραννίδος
773 3691 848 3767 ίμοῦ
869 3692 920 3754 καί
938 3699 1122 3756 Γαλατικῶν
1136 3693 1279 3770 πολέμων
1291 3694 1399 3756 οὶπαλ·

205 3809 293 3884 λαγίι
329 3808 506 3884 γενόμενος.
541 3809 596 3874 Sic
629 3813 782 3887 codices;
809 3833 870 3894 pro
894 3813 1033 3892 μεγίστῃ
1056 3815 1130 3893 ῥοπῇ
1155 3815 1279 3878 Coraes
1304 3834 1399 3896 prae·

205 3938 307 3992 eunte
333 3929 471 3992 Reislrio
494 3929 632 4007 μεγίστη
657 3931 743 4008 ῥοπή.
770 3932 981 4009 Rectissime,
1006 3936 1065 3997 sed
1092 3935 1201 3996 minus
1225 3942 1316 3996 recte
1337 3955 1399 4017 pro

206 4047 389 4123 ἀπαλλαγή
421 4050 517 4112 dedit
547 4050 742 4131 ἀπαλλαγῇ.
775 4052 853 4115 Non
882 4054 971 4116 enim
998 4063 1196 4136 persanatur
1219 4054 1312 4116 locus
1337 4054 1399 4117 nisi

207 4169 431 4246 ἀπαλλαγεῖσι
456 4171 643 4234 scribimus.

253 4289 362 4354 Galba
383 4291 432 4353 Xl
466 4291 577 4355 Primo
598 4301 752 4374 tempore
774 4292 940 4355 bonorum
961 4295 1112 4356 omnium
1128 4294 1262 4357 laudem
1279 4296 1401 4358 meruit

210 4408 318 4472 Galba
349 4410 547 4493 simpliciter
579 4411 727 4474 vivendo
757 4419 792 4474 et
817 4411 917 4475 rebus
942 4413 1097 4496 pretiosis
1121 4433 1208 4494 quae
1233 4414 1263 4475 ei
1288 4435 1306 4475 e
1333 4414 1401 4477 Ne·
