3210 5274
769 422 832 489 227

201 605 281 648 usus
313 596 402 650 esset
434 585 576 663 Seneca,
601 585 809 651 imitaretur?
833 587 871 650 In
899 607 1022 670 magno
1046 588 1174 651 honore
1199 609 1288 651 nunc
1312 589 1396 651 eius·
1461 640 1464 646 .

203 705 298 767 modi
329 714 408 769 sunt
438 715 650 789 argumenta,
682 726 759 769 cum
791 706 825 769 id
856 707 967 787 agitur
992 715 1028 769 ut
1052 707 1216 771 lectiones
1239 709 1395 784 traditae,

202 825 360 906 quamvis
388 826 566 901 absurdae,
592 825 828 889 defendantur.
853 825 902 888 At
927 846 991 908 ego
1016 847 1189 909 nunquam
1213 829 1300 891 adeo
1325 849 1398 891 ver·

203 944 327 1007 bosum
358 945 459 1008 fuisse
491 944 657 1011 Senecam
689 946 792 1008 credo
823 954 870 1019 ut,
904 966 981 1009 cum
1012 947 1160 1029 aliquam
1191 967 1262 1010 rem
1294 957 1396 1024 tecte,

201 1073 314 1139 acute,
347 1073 490 1128 venuste
521 1065 744 1147 significasset
767 1073 802 1127 et
825 1064 1017 1147 legentibus
1042 1066 1298 1148 intelligendam
1324 1068 1398 1131 reli·

203 1185 343 1266 quisset,
357 1185 473 1246 statim
486 1186 638 1248 eiusdem
651 1186 769 1248 tritum
782 1185 1088 1267 quotidianumque
1101 1206 1225 1249 nomen
1239 1188 1397 1265 adderet,

202 1304 263 1366 sed
288 1324 366 1368 cum
392 1313 611 1387 personatum
636 1303 802 1368 Senecam
825 1304 872 1366 sic
897 1304 1093 1386 loquentem
1118 1307 1237 1368 audio:
1275 1327 1399 1387 ,senex

203 1432 238 1488 et
274 1424 453 1487 levissimis
488 1444 625 1506 quoque
661 1425 749 1487 curis
786 1425 913 1506 impar,
949 1444 1026 1488 cum
1062 1445 1145 1508 opes
1182 1447 1274 1490 meas
1310 1428 1398 1490 ultra

203 1544 369 1607 sustinere
394 1564 463 1607 non
484 1545 621 1627 possim,
642 1545 848 1627 praesidium
870 1553 967 1627 peto:
988 1545 1067 1607 iube
1089 1565 1149 1627 per
1162 1556 1398 1627 procuratores

205 1671 282 1726 tuos
312 1663 552 1726 administrari.
589 1663 661 1726 Nec
695 1683 748 1727 me
781 1663 814 1727 in
847 1672 1084 1747 paupertatem
1110 1665 1182 1747 ipse
1206 1667 1397 1744 detrudam,

204 1783 264 1846 sed
300 1782 445 1857 traditis,
481 1802 626 1864 quorum
662 1782 792 1866 fulgore
828 1783 1066 1865 praestringor,
1103 1786 1195 1865 quod
1234 1787 1397 1869 temporis

205 1902 382 1965 hortorum
403 1910 461 1965 aut
482 1901 636 1964 villarum
657 1923 756 1966 curae
776 1903 961 1985 seponitur,
984 1903 1017 1964 in
1031 1904 1181 1967 animum
1196 1904 1396 1980 revocabo”,

205 2022 308 2086 laudo
338 2023 557 2103 admirorque
588 2030 761 2085 auctorem
794 2022 938 2097 fabulae,
970 2032 1130 2104 certeque
1156 2024 1296 2106 dignum
1321 2045 1399 2087 eum

204 2143 361 2218 arbitror,
394 2142 451 2224 qui
483 2163 504 2205 a
534 2142 715 2204 sciolorum
748 2142 830 2205 nihil
854 2141 1116 2225 intelligentium
1142 2143 1399 2224 importunitate

205 2261 420 2324 defendatur.

250 2378 295 2441 A.
328 2379 425 2454 XIV,
461 2394 512 2462 59.
546 2380 701 2443 Plautum
733 2377 929 2460 Sullamque
964 2381 1029 2443 iarn
1062 2379 1190 2456 exules,
1221 2382 1281 2443 sed
1314 2402 1399 2464 quos

204 2518 422 2581 summopere
454 2499 558 2560 etiam
586 2498 789 2560 metuendos
813 2517 886 2559 esse
910 2498 940 2559 ei
965 2497 1151 2579 Tigellinus
1176 2510 1397 2581 persuaserat,

205 2639 266 2701 per
298 2637 514 2700 percussores
536 2636 614 2679 suos
638 2616 681 2678 de
706 2617 820 2679 medio
843 2617 977 2679 sustulit
1003 2617 1104 2693 Ner0,
1129 2619 1332 2701 scripsitque
1355 2622 1398 2683 ad

204 2747 361 2801 senatum
386 2739 509 2813 literas,
534 2738 658 2820 quibus
680 2738 851 2800 securitati
877 2737 1082 2819 reipublicae
1106 2757 1126 2800 a
1150 2759 1186 2800 se
1207 2740 1397 2804 consultum

206 2858 397 2921 nuntiaret:

254 2977 443 3057 ,Decretae
466 2997 508 3039 eo
528 2976 665 3039 nomine
685 2975 961 3057 supplicationes,
984 2984 1087 3056 utque
1108 2974 1201 3040 Sulla
1215 2985 1249 3039 et
1263 2977 1400 3040 Plautus

206 3105 327 3158 senatu
352 3103 578 3168 moverentur,
602 3094 814 3176 gravioribus
838 3105 906 3156 tam
931 3093 1084 3156 ludibriis
1107 3114 1211 3176 quam
1238 3095 1366 3158 malis”

251 3213 308 3279 Sic
341 3216 375 3277 in
406 3216 525 3277 codice
557 3223 618 3276 est.
652 3213 724 3275 Iam
757 3213 917 3294 aprimis
941 3213 1020 3275 inde
1045 3215 1257 3298 temporibus
1281 3216 1398 3291 critici,

207 3343 243 3396 ut
263 3354 325 3417 pro
344 3346 413 3399 tam
431 3333 522 3396 aliud
537 3332 740 3395 vocabulum
755 3340 971 3415 reponerent,
984 3335 1075 3415 quod
1089 3335 1203 3417 aptius
1217 3335 1398 3411 videretur,

206 3456 432 3518 desudarunt:
457 3456 490 3516 in
512 3453 738 3517 deterioribus
758 3461 810 3514 est
831 3464 950 3527 tamen,
972 3453 1133 3534 Agricola
1154 3457 1221 3518 iam
1243 3457 1399 3531 coniecit,

207 3573 363 3637 Halmius
386 3585 466 3638 tum.
492 3572 541 3635 At
566 3572 648 3634 nihil
673 3572 920 3654 reponendum,
942 3591 1076 3654 unaque
1095 3573 1195 3636 litura
1216 3575 1399 3637 delendum

206 3693 296 3756 istud
328 3705 398 3757 tam
429 3712 571 3767 censeo,
604 3701 726 3774 utpote
760 3691 969 3774 adscriptum
1000 3691 1044 3753 ab
1077 3693 1217 3756 indocto
1245 3694 1400 3770 homine,

206 3815 264 3896 qui
297 3814 388 3876 unde
417 3834 517 3895 quam
549 3812 714 3896 penderet
746 3831 814 3873 non
847 3810 1066 3892 intelligeret,
1099 3821 1134 3874 et
1165 3833 1266 3895 quem
1299 3835 1400 3877 omne

205 3931 432 3996 sententiolae
465 3931 595 4014 fugeret
627 3951 782 3995 acumen.
821 3930 897 3992 Hoc
931 3928 999 3992 fere
1032 3930 1115 3993 dicit
1147 3931 1302 3995 Tacitus:
1339 3953 1400 4013 ,ne

207 4055 280 4137 ipsa
304 4053 444 4136 quidem
468 4053 559 4115 mala
584 4053 615 4132 (i.
641 4072 670 4113 e.
696 4052 818 4114 caedes
842 4048 918 4112 illae
943 4057 978 4111 et
1002 4051 1218 4114 crudelitates
1244 4052 1401 4135 Neronis)

206 4182 277 4235 tam
308 4171 425 4255 gravia
457 4171 593 4252 cognitu
626 4178 703 4232 sunt
736 4170 886 4251 (tamque
897 4167 1024 4253 'digna
1048 4169 1128 4231 odio
1153 4179 1270 4234 nostro
1294 4181 1328 4233 et
1353 4172 1402 4248 in,-

207 4292 429 4375 dignatione),
455 4310 558 4372 quam
582 4290 728 4353 scurrilis
752 4289 816 4351 ista
840 4296 874 4349 et
897 4286 1032 4349 abiecta
1056 4297 1192 4351 senatus
1216 4290 1401 4354 adulatio.’'

248 4410 293 4473 A.
304 4410 383 4484 XV,
393 4411 446 4492 65.
465 4409 590 4489 ,Fama
603 4409 665 4473 fuit
678 4408 837 4473 Subrium
852 4406 995 4469 Flavum
1008 4425 1084 4468 cum
1098 4410 1401 4474 centurionibus...
