3210 5274
650 389 715 455 ²94

83 557 169 619 solet
191 575 259 618 non
282 553 469 616 infinitivus
488 553 547 615 sed
570 554 783 616 accusativus
803 554 935 635 aliquis,
954 552 999 616 cs.
1020 551 1288 635 Thucydideum

85 676 167 738 illud
191 671 409 747 ἑτκξοούντυν
432 672 467 733 τὸ
491 669 589 747 ἔργον.

130 795 224 859 Otho
249 793 316 856 Vll
349 792 485 856 Annius
512 791 629 855 Gallus
652 814 754 875 opem
780 791 970 875 Spurinnae
995 793 1130 855 laturus
1155 792 1289 854 Placen·

85 916 167 977 tiam
193 912 428 995 proficiscitur,
453 913 512 974 sed
537 912 595 974 ubi
617 912 750 993 pulsum
771 913 851 975 inde
871 933 891 975 a
910 910 1085 994 Spurinna
1107 911 1288 975 Caecinam

87 1035 152 1095 iam
186 1032 390 1095 Cremonam
415 1051 614 1113 oppugnare
638 1034 812 1112 cognovit,
836 1052 878 1093 eo
902 1033 967 1093 iter
989 1032 1097 1093 vertit
1122 1040 1158 1094 et
1184 1051 1288 1114 prope

87 1153 202 1214 hostes
234 1160 344 1213 castra
369 1151 476 1231 ponit,
500 1148 613 1212 instra
638 1149 691 1211 axi
716 1156 774 1212 τῶν
800 1148 906 1213 ἄλλων
929 1146 1062 1219 ἕκαστος
1088 1154 1288 1227 στρατηγῶν.

88 1269 154 1343 Sic,
188 1279 223 1331 ut
256 1270 386 1350 opinor,
421 1271 569 1331 narravit
602 1270 817 1332 Plutarchus:
851 1272 979 1353 primus
1010 1270 1150 1332 Annius
1174 1269 1288 1333 Gallus

88 1392 216 1469 (πρῶτον
241 1386 297 1461 μὲν
318 1386 440 1456 Ἄννιος
461 1384 610 1469 Γάλλος),
631 1390 756 1451 deinde
776 1390 881 1452 ceteri
902 1408 1039 1471 quoque
1061 1390 1168 1452 duces
1181 1409 1288 1472 prope

89 1510 204 1572 hostes
239 1517 273 1570 ct
309 1527 416 1589 prope
452 1506 657 1570 Cremonam
694 1517 881 1589 posuerunt
916 1515 1036 1570 castra.
1071 1507 1163 1570 Nam
1196 1500 1305 1589 quod'

89 1649 178 1692 nunc
198 1627 337 1708 legitur:
359 1624 472 1688 ἔτεοτνο
492 1625 545 1687 nai
567 1631 626 1688 τῶν
647 1624 754 1689 ἄλλων
775 1623 909 1697 ἕκαστος
927 1626 1046 1703 ἐβοήθει
1060 1628 1104 1706 τῷ
1118 1628 1288 1706 στρατηγῷ

90 1751 205 1830 inepte
240 1749 423 1828 repetitum
456 1755 508 1808 est
540 1768 558 1808 e
590 1748 875 1829 praecedentibus
901 1746 1024 1816 Ἀνννος
1056 1744 1184 1816 Γάλλος
1217 1746 1289 1826 τρὶς

90 1866 290 1930 Πωικεντθοιυ
317 1864 472 1946 Σπουρίνᾳ
495 1865 623 1942 βοηθῶν,
647 1876 825 1948 totamque
850 1867 1026 1950 perturbat
1047 1867 1290 1930 narrationem.

94 1990 230 2051 Etenim
251 1986 373 2062 βοηθεῖν
394 1987 435 2063 τῷ
456 1987 623 2065 ττροτηγῷ
645 1988 678 2048 in
701 1988 765 2050 hoc
785 1996 951 2050 contextu
971 1987 1054 2049 nihil
1074 1987 1169 2050 aliud
1189 1989 1291 2069 signi·

93 2110 192 2172 ficare
218 2118 332 2192 potest
356 2129 476 2190 quam:
502 2108 702 2189 Spurinnae,
727 2107 934 2171 Placentiam
954 2107 1167 2183 defendenti,
1188 2128 1290 2191 opem

93 2229 194 2303 serre,
221 2239 255 2291 at
280 2228 378 2290 nobis
403 2229 469 2289 iam
496 2247 547 2288 res
571 2234 622 2288 est
646 2246 723 2289 cum
750 2225 922 2290 Cremona.

139 2347 231 2410 Otho
256 2348 287 2409 X
327 2346 502 2408 Brixillum
534 2347 668 2409 rediens
699 2345 793 2409 Otho
824 2354 858 2407 et
890 2345 956 2408 alia
985 2347 1142 2427 peccavit
1167 2357 1203 2410 et
1227 2349 1292 2412 hoc

94 2469 186 2549 quod
218 2464 288 2535 τοὺς
321 2464 604 2543 ἐρρωμενεστάτους
639 2464 691 2527 nal
725 2462 976 2544 προθυμοτάτους
997 2464 1035 2527 δι’
1059 2466 1155 2528 αὐτὸν
1180 2466 1291 2539 ἱππεῖς

94 2585 147 2648 uxi
180 2585 288 2666 πεζοὺς
320 2584 503 2659 ἀποφυγὼν
539 2585 686 2661 Quirinii
716 2588 770 2646 τοῦ
802 2584 948 2661 ου”μοοτος
979 2584 1111 2664 ὡσπερεί
1140 2609 1172 2649 το
1198 2591 1293 2662 adua

94 2712 150 2776 τῆς
175 2702 333 2778 δυνάμεως
359 2702 515 2779 ciriacae.
542 2704 641 2766 Haud
668 2705 770 2768 dubie
795 2710 888 2781 rapa
908 2707 1025 2788 inepte
1045 2727 1063 2769 e
1086 2708 1295 2789 praeceden-

94 2825 186 2887 tibus
217 2834 267 2886 est
300 2824 494 2906 repetitum.
528 2823 641 2906 Ipsam
674 2845 806 2901 vocem,
832 2846 935 2907 quam
961 2825 1160 2890 Plutarchus
1186 2828 1295 2903 dedit,

96 2967 164 3010 non
187 2954 333 3028 praest0,
354 2946 413 3008 sed
435 2946 615 3026 requiritur
635 2944 737 3008 validi
759 2945 899 3008 alicuius
918 2955 953 3010 et
975 2947 1140 3029 pugnacis
1155 2947 1298 3010 rnerrrbri

97 3066 237 3129 mentio.
269 3064 314 3126 Et
346 3073 382 3126 ut
414 3064 525 3126 omnis
556 3065 724 3126 eximatur
752 3065 922 3127 dubitatio
946 3066 1027 3147 quin
1053 3066 1086 3127 in
1112 3065 1176 3127 hac
1201 3075 1295 3129 certe

98 3195 193 3270 parte
219 3186 370 3269 (omnino
394 3187 426 3248 in
453 3186 543 3248 Vitis
566 3206 667 3267 saepe
692 3184 818 3248 sactum
839 3185 921 3248 illud
942 3188 1005 3267 est)
1024 3207 1231 3269 permagnus
1251 3189 1295 3251 sit

99 3328 257 3370 numerus
288 3307 439 3369 locorum
475 3307 523 3369 ita
553 3314 788 3387 corruptorum
821 3314 857 3367 ut
889 3306 1056 3369 vocabula
1087 3316 1146 3369 aut
1177 3326 1198 3369 a
1234 3328 1296 3371 sua

99 3429 132 3490 in
166 3436 262 3490 textu
294 3429 374 3489 sede
407 3426 640 3488 aberraverint
672 3433 729 3486 aut
754 3445 772 3486 e
797 3426 947 3506 margine
972 3426 1006 3487 in
1030 3433 1164 3487 textum
1189 3436 1295 3509 atque

98 3549 186 3610 adeo
218 3549 250 3609 in
283 3547 429 3609 alienum
462 3552 576 3606 textus
608 3544 719 3606 locum
751 3546 957 3626 irrepserint,
989 3554 1058 3607 tres
1089 3544 1143 3607 hic
1167 3545 1296 3608 addam

101 3669 229 3729 dudum
265 3667 332 3728 iam
368 3666 411 3728 ab
447 3664 520 3726 aliis
555 3663 598 3725 ad
634 3663 779 3725 eandem
816 3683 970 3725 normam
1003 3672 1184 3726 correctos.
1217 3663 1297 3746 Quo

101 3786 208 3847 maior
239 3786 330 3846 enirn
362 3784 416 3846 hic
447 3784 585 3845 affertur
618 3802 776 3844 numerus
806 3802 848 3843 eo
881 3780 1007 3843 firmior
1039 3781 1077 3844 fit
1101 3801 1298 3865 compages

102 3902 188 3967 Sunt
208 3911 322 3965 autern
342 3911 411 3963 tres
433 3901 507 3963 illae
528 3902 786 3965 emendationes
806 3900 1023 3976 certissimae,
1036 3909 1071 3962 et
1080 3900 1168 3963 duae
1181 3921 1298 3964 earum

102 4043 234 4084 summa
259 4029 399 4102 propter
423 4020 610 4084 inventoris
634 4042 777 4084 acumen
802 4022 925 4103 dignae
948 4020 1185 4083 admiratione.

148 4140 257 4204 Galba
290 4138 349 4201 IV.
387 4138 496 4201 Galba
528 4161 547 4203 a
580 4140 726 4203 Vindice
758 4142 920 4203 invitatus
951 4147 988 4202 ut
1019 4140 1053 4201 in
1085 4158 1121 4201 se
1155 4138 1298 4221 recipiat

103 4259 292 4341 imperium,
325 4276 401 4320 cum
434 4259 550 4321 amicis
578 4259 760 4335 deliberat3
787 4260 832 4322 ibi
857 4259 979 4322 Vinius
1006 4259 1107 4340 ,quid
1131 4258 1298 4322 delibera·

104 4398 188 4453 muS,
213 4378 276 4441 ait:
310 4376 345 4439 ‘ri
370 4377 432 4455 νθορ
458 4376 560 4458 ζητεῖν
585 4376 698 4455 Νέρωνι
725 4379 749 4441 εἰ
775 4378 878 4441 πιστοὶ
903 4382 1057 4455 μενοῦμεν
1081 4378 1134 4442 οὐκ
1160 4376 1215 4453 ἤδη
1240 4401 1299 4455 με·
