3210 5274
791 342 850 403 182

222 522 315 583 cuius
347 523 504 585 maritum
538 521 747 602 Argolicum,
780 541 936 583 socerum
962 522 1146 596 Laconem,
1171 541 1191 582 e
1216 520 1425 603 primoribus

221 641 450 716 Achaeorum,
482 642 606 704 Caesar
637 640 821 704 afflixerat:
847 649 944 722 pater
968 660 1114 722 quoque,
1140 640 1295 703 inlustris
1320 660 1424 721 eques

223 761 406 834 Romanus,
428 781 467 824 ac
488 760 591 823 irater
612 761 811 843 praetorius,
832 781 909 824 cum
929 761 1104 823 damnatio
1126 761 1282 834 instaret,
1303 780 1339 822 se
1362 760 1423 841 ipsi

223 880 432 944 interfecere.
474 882 601 943 Datum
626 890 699 943 erat
723 881 864 955 crimini,
890 881 983 963 quod
1008 879 1260 962 Theophanem
1288 878 1423 960 Mytile-

225 1021 357 1075 naeum,
383 1021 548 1083 proavum
570 1020 697 1075 eorum,
720 1001 781 1063 Cn.
803 1001 948 1082 Magnus
967 1000 1056 1062 inter
1075 1000 1216 1061 intimos
1236 998 1422 1071 habuisset,

223 1120 383 1202 quodque
398 1120 560 1183 defuncto
573 1119 776 1201 Theophani
790 1120 953 1183 caelestes
965 1120 1112 1182 honores
1125 1118 1258 1182 Graeca
1271 1120 1422 1182 adulatio

221 1239 419 1303 tribuerat.”

267 1359 501 1423 Habuisset...
527 1359 703 1423 tribuerat.
738 1359 913 1421 Hanccine
937 1357 1083 1421 seramus
1108 1359 1292 1421 modorum
1319 1360 1420 1421 varie-

223 1487 331 1542 tatem
362 1499 438 1542 cum
464 1479 506 1542 de
532 1479 665 1541 duabus
688 1487 808 1560 agatur
832 1479 943 1553 rebus,
969 1498 1056 1560 quae
1080 1498 1189 1559 aeque
1215 1488 1332 1541 certae
1356 1479 1420 1541 sint

224 1596 388 1680 utraque?
424 1599 534 1661 Immo
565 1599 727 1662 tribueret
756 1597 841 1680 lege,
874 1599 921 1660 sic
954 1606 989 1660 et
1019 1597 1185 1659 sermonis
1218 1598 1359 1678 puritati
1389 1607 1420 1659 et

224 1717 384 1780 historiae
408 1719 542 1781 veritati
567 1718 758 1780 consultum
785 1718 858 1782 erit.
895 1717 953 1779 An
978 1718 1157 1780 credamus
1180 1715 1334 1780 Graecos
1356 1718 1419 1778 iarn

165 1858 168 1867 ‘
224 1846 296 1901 turn
330 1837 467 1900 desiisse
499 1839 532 1899 in
566 1858 690 1920 magno
721 1837 848 1900 habere
880 1837 973 1900 illum
1008 1836 1257 1918 Theophanem
1283 1835 1418 1909 honore,

225 1957 282 2036 qui
306 1965 387 2020 ante
411 1965 546 2019 centum
572 1955 640 2019 iere
665 1977 773 2019 annos
797 1958 946 2039 ipsorum
972 1956 1202 2038 prospexisset
1228 1955 1400 2019 libertati?

271 2167 315 2229 A.
337 2166 397 2241 Vl,
419 2183 471 2229 22.
491 2166 580 2231 Satis
593 2166 729 2249 longam
743 2168 786 2230 de
799 2167 1009 2229 divinatione
1023 2166 1305 2248 disputationem,
1319 2187 1418 2248 quarn

126 2334 131 2341 .
226 2288 409 2349 narrationi
430 2287 472 2349 de
494 2286 674 2368 Thrasyllo
695 2287 834 2368 eiusque
857 2286 1024 2349 vaticiniis
1044 2285 1207 2360 annectit,
1221 2286 1270 2347 sic
1286 2286 1420 2349 Tacitus

225 2405 369 2468 claudit:

275 2523 431 2607 ,Quippe
455 2545 475 2586 a
499 2524 568 2587 filio
593 2525 745 2588 eiusdem
770 2523 939 2606 Thrasylli
961 2524 1173 2607 praedictum
1196 2524 1346 2588 Neronis
1365 2527 1421 2588 im·

227 2646 357 2725 perium
390 2645 424 2706 in
455 2653 611 2726 tempore
644 2644 896 2719 memorabitur,
930 2665 972 2706 ne
1005 2663 1094 2707 nunc
1127 2645 1268 2726 incepto
1294 2644 1422 2728 longius

226 2763 400 2826 abierim.'’

271 2882 358 2945 lllud
383 2904 422 2945 ne
446 2882 585 2945 abierim
609 2902 677 2944 non
704 2890 817 2962 potest
839 2880 938 2944 aliter
961 2880 1099 2944 delendi
1123 2902 1227 2963 quam
1251 2884 1300 2946 sic
1326 2893 1362 2946 ut
1382 2885 1421 2946 sit

226 3004 317 3064 idem
345 3002 437 3083 quod
462 3023 500 3063 ne
523 3001 642 3064 abiisse
664 3021 804 3064 censear.
841 2999 909 3064 Sed
935 3022 977 3063 ne
1002 3002 1049 3064 sic
1073 3002 1284 3084 accipiamus
1309 3003 1419 3066 obstat

225 3120 423 3183 abverbium
447 3141 546 3183 nunc:
571 3121 642 3182 sive
668 3121 757 3182 enim
781 3122 870 3182 iusto
894 3119 1027 3202 longius
1050 3141 1070 3183 a
1095 3121 1273 3202 proposito
1299 3124 1418 3185 disces-

224 3239 315 3312 sisse,
340 3239 410 3300 sive
436 3240 469 3300 in
495 3239 719 3319 digrediendo
742 3239 866 3301 iustum
891 3240 1090 3301 observasse
1115 3241 1255 3302 modum
1283 3241 1419 3304 Tacitus

225 3358 427 3432 censebitur,
460 3367 621 3420 eventum
645 3360 712 3421 iam
736 3378 776 3420 ea
801 3378 853 3421 res
876 3358 980 3421 habet
1006 3379 1117 3440 neque
1142 3361 1266 3422 mutari
1295 3369 1418 3442 potest,

225 3476 356 3539 etiamsi
389 3496 490 3558 quarn
525 3478 670 3559 primum
703 3478 914 3559 digrediendi
947 3477 1049 3540 finem
1082 3477 1194 3540 saciat.
1232 3478 1356 3560 Neque
1388 3481 1419 3541 in

226 3595 315 3659 hunc
335 3596 446 3658 locum
467 3598 612 3677 quadrat
633 3597 733 3660 illud:
759 3598 811 3675 ,in
832 3595 1009 3678 tempore”
1031 3598 1079 3660 ait
1104 3596 1204 3678 ,illud
1225 3599 1269 3661 de
1285 3600 1419 3663 Nerone

225 3714 567 3776 commemorabitur'’
601 3716 620 3778 i.
635 3735 664 3777 e.
698 3735 785 3778 nunc
817 3715 908 3778 illam
933 3736 1004 3778 rem
1030 3715 1160 3790 differo,
1185 3736 1288 3798 quam
1314 3720 1342 3780 si
1367 3718 1419 3780 hic

225 3833 351 3894 addere
381 3832 503 3895 vellem
536 3835 623 3896 iusto
655 3834 786 3916 longius
818 3833 883 3897 hoc
908 3833 1003 3896 fieret
1031 3832 1216 3910 irrerro'hom
1244 3836 1278 3897 id
1303 3845 1418 3899 autem

225 3950 321 4011 nolo:
351 3951 448 4027 ,nolo
473 3973 557 4014 nune
580 3953 624 4015 ab
648 3954 786 4035 incepto
810 3952 943 4035 longius
966 3952 1093 4017 abire.”
1120 3953 1320 4035 Requiritur
1340 3974 1419 4037 ergo

226 4087 292 4129 non
318 4069 457 4131 abierim
483 4090 599 4132 verum
620 4071 743 4146 abeam,
765 4072 824 4133 sed
845 4073 1006 4152 quoniam
1027 4071 1092 4137 hoc
1112 4072 1259 4135 traditae
1279 4071 1418 4136 lectioni

129 4269 136 4282 ι
226 4208 343 4268 parum
379 4189 486 4251 simile
523 4200 589 4262 est,
633 4190 760 4252 leniore
797 4191 1036 4254 emendatione
1071 4191 1257 4274 legendum
1293 4212 1418 4255 censeo

224 4307 385 4368 aberrem.

715 4414 910 4423 ——-
