3210 5274
774 326 813 406 58

243 506 307 569 Pro
332 515 493 587 corrupto
517 507 705 588 virgenium
731 505 904 568 Bekkerus
927 507 1079 589 iurgium
1103 506 1263 569 coniecit.
1285 505 1387 570 Satius

198 633 269 687 erat
294 644 312 685 e
341 623 606 703 „deterioribus”
631 626 799 708 recipere:
825 625 900 688 inde
922 625 1084 708 iurgium.

243 745 286 806 H.
324 744 384 818 ΙΙΙ,
420 759 471 824 25.
503 745 688 826 Postquam
721 744 884 827 impulsos
914 746 1019 806 sensit
1052 745 1195 827 (hostes)
1228 745 1391 808 Antonius

198 867 306 928 denso
337 865 472 946 agmine
505 863 709 926 obturbabat.
743 864 866 926 Laxati
898 864 1035 925 ordines
1058 863 1321 946 abrumpuntur.

199 983 410 1065 Sparguntur
435 982 651 1045 festinatione
676 983 895 1045 consectandi
921 982 1079 1044 victores.

244 1102 455 1182 Recipienda
480 1110 531 1162 est
555 1102 762 1163 deteriorum
787 1101 889 1163 lectio
912 1100 1075 1164 obturbat.

245 1222 289 1282 H.
315 1221 375 1293 ΙΙΙ,
400 1235 450 1298 51.
471 1218 719 1281 Celeberrimos
739 1229 896 1282 auctores
915 1219 1037 1294 habe0,
1057 1228 1190 1282 tantam
1214 1221 1392 1283 victoribus

199 1341 360 1402 adversus
384 1338 433 1400 fas
456 1337 618 1419 nefasque
639 1339 900 1401 inreverentiam
921 1337 1021 1400 fuisse
1041 1347 1078 1400 ut
1098 1340 1276 1419 gregarius
1296 1359 1393 1421 eques

200 1461 347 1521 occisum
379 1480 399 1521 a
428 1477 464 1520 se
497 1459 653 1539 proxima
684 1459 756 1520 acie
788 1457 926 1520 fratrem
957 1456 1127 1539 professus
1159 1461 1349 1540 praemium
1375 1478 1393 1520 a

201 1578 343 1640 ducibus
368 1577 521 1658 petierit;
548 1597 610 1639 nec
635 1577 699 1638 illis
723 1585 781 1639 aut
806 1577 973 1640 honorare
997 1596 1072 1640 eam
1097 1579 1243 1641 caedem
1267 1579 1318 1640 ius
1341 1578 1394 1640 ho·

205 1698 333 1759 minum
365 1705 422 1759 aut
454 1696 568 1758 ulcisci
600 1696 686 1758 ratio
718 1696 797 1759 belli
827 1695 1064 1777 permittebat:
1089 1696 1295 1760 distulerant
1316 1707 1395 1758 tam·

204 1836 306 1896 quam
333 1817 460 1878 maiora
485 1817 642 1877 meritum
667 1836 769 1897 quam
793 1836 881 1897 quae
905 1816 1021 1879 statim
1045 1816 1299 1880 exolverentur.

249 1935 336 1996 Illud
368 1935 569 1998 distulerant
599 1942 670 1997 tam
698 1943 891 1998 contortam
916 1935 1057 2017 requirit
1080 1935 1279 2018 explicandi
1304 1938 1396 1999 ratio

205 2074 283 2116 nem
321 2062 356 2115 ut
392 2055 496 2116 etiam
531 2062 634 2135 atque
669 2055 772 2116 etiam
808 2054 1067 2119 deliberandum
1100 2056 1259 2119 videatur
1291 2075 1396 2119 nonne

205 2183 354 2256 praestet
379 2195 399 2236 a
422 2175 647 2237 deterioribus
668 2176 822 2256 accipere
844 2176 1046 2240 distulerunt
1065 2178 1157 2259 quod
1178 2178 1254 2259 ipsa
1274 2176 1397 2259 flagitat

206 2294 406 2356 narrationis
429 2301 558 2355 natura.

251 2411 294 2473 H.
328 2413 388 2484 ΙΙΙ,
420 2412 473 2493 69.
510 2412 616 2492 Igitur
651 2420 827 2493 tamquam
860 2414 970 2476 omnis
1001 2414 1193 2495 respublica
1225 2415 1259 2477 in
1293 2417 1397 2478 sinum

208 2531 410 2613 Vespasiani
434 2533 610 2594 cecississet
632 2552 661 2594 e.
676 2552 708 2613 q.
722 2551 747 2593 S.

252 2649 306 2713 Sic
340 2651 524 2724 Mediceus
557 2659 649 2712 recte
681 2671 769 2713 nunc
801 2651 913 2715 editur
944 2652 1098 2716 cessisset.
1128 2652 1179 2714 At
1216 2654 1398 2718 deteriores

206 2770 335 2832 habent
359 2771 538 2833 cecidisset:
565 2758 744 2832 verisimile
769 2790 851 2852 ergo
872 2779 923 2833 est
943 2771 998 2833 hic
1019 2770 1095 2833 illos
1114 2792 1182 2835 non
1204 2792 1225 2835 a
1246 2773 1398 2836 Mediceo

208 2890 366 2970 pendere,
396 2889 456 2950 sed
488 2888 575 2950 illius
607 2889 802 2970 exemplum
834 2889 1006 2970 duplicem
1039 2890 1196 2953 habuisse
1220 2892 1398 2955 lectionem

207 3010 352 3071 cessisset
379 3016 413 3069 et
438 3008 947 3089 (suprascriptum)cecidisset,
972 3028 1060 3089 quae
1085 3008 1119 3071 in
1144 3009 1306 3072 Mediceo
1331 3029 1399 3073 coa·

207 3126 306 3188 luerit
338 3128 371 3189 in
403 3127 587 3200 cecinisset,
619 3147 696 3189 cum
729 3126 835 3188 altera
866 3125 1001 3201 familia,
1027 3127 1080 3189 cui
1105 3127 1168 3190 hac
1193 3137 1288 3191 certe
1313 3130 1399 3191 inre

208 3247 343 3326 cognati
368 3247 564 3319 deteriores
590 3247 753 3309 cecidisset
776 3246 952 3326 reciperet.

254 3363 297 3426 H.
322 3364 382 3438 lV,
409 3382 438 3447 7.
466 3365 503 3426 ln
528 3365 637 3445 iurgio
657 3365 745 3426 inter
767 3363 965 3426 Marcellum
987 3363 1128 3447 Eprium
1149 3374 1186 3427 et
1206 3365 1399 3429 Helvidium

209 3484 360 3546 Priscum
385 3482 438 3545 hic
463 3484 658 3545 contendit:

255 3603 372 3665 Fuisse
400 3602 612 3683 Vespasiano
636 3602 820 3664 amicitiam
844 3621 922 3663 cum
946 3600 1097 3664 Thrasea
1120 3598 1253 3665 Sorano
1279 3601 1400 3678 Sentit,

210 3742 353 3802 quorum
389 3731 602 3784 accusatores
634 3722 765 3784 etiamsi
797 3721 907 3803 puniri
941 3740 1009 3782 non
1040 3728 1209 3801 oporteat,
1242 3717 1401 3784 ostentari

211 3860 278 3902 non
303 3841 439 3902 debere.

257 3959 334 4021 Non
367 3960 473 4040 ignoti
504 3960 650 4022 hominis
675 3959 728 4022 hic
753 3959 932 4040 requiritur
957 3978 1093 4032 nomen,
1116 3958 1177 4020 sed
1203 3958 1329 4021 nobilis
1350 3956 1404 4019 ali·

210 4079 303 4140 cuius
324 4079 515 4140 delatorum
534 4080 703 4152 victimae,
718 4078 913 4159 nullumque
926 4087 997 4140 tam
1010 4085 1128 4159 aptum
1141 4096 1245 4157 quam
1260 4075 1403 4148 Senecae,

212 4199 303 4279 quod
330 4199 495 4280 praebent
520 4198 716 4259 deteriores

256 4315 299 4377 H.
326 4316 386 4389 IV,
412 4332 463 4376 22.
489 4314 592 4396 Spem
625 4315 895 4396 oppugnantium
928 4312 1102 4394 (Germani
1133 4312 1166 4374 hi
1192 4321 1272 4377 sunt
1297 4320 1405 4376 castra
