<?xml version="1.0" encoding="UTF-8"?>
<!DOCTYPE html PUBLIC "-//W3C//DTD XHTML 1.0 Transitional//EN"
    "http://www.w3.org/TR/xhtml1/DTD/xhtml1-transitional.dtd">
<html xmlns="http://www.w3.org/1999/xhtml" xml:lang="en" lang="en">
 <head>
  <title>
</title>
<meta http-equiv="Content-Type" content="text/html;charset=utf-8" />
  <meta name='ocr-system' content='tesseract 3.04.00' />
  <meta name='ocr-capabilities' content='ocr_page ocr_carea ocr_par ocr_line ocrx_word'/>
</head>
<body>
  <div class='ocr_page' id='page_1' title='image "./analectatacitea00hartgoog_0089.png"; bbox 0 0 3210 5274; ppageno 0'>
   <div class='ocr_carea' id='block_1_1' title="bbox 570 367 613 447">
    <p class='ocr_par' dir='ltr' id='par_1_1' title="bbox 570 367 613 447">
     <span class='ocr_line' id='line_1_1' title="bbox 570 367 613 447; baseline 0 -19"><span class='ocrx_word' id='word_1_1' title='bbox 570 367 613 447; x_wconf 90' lang='lat'><strong>78</strong></span> 
     </span>
    </p>
   </div>
   <div class='ocr_carea' id='block_1_2' title="bbox 1 545 1218 4098">
    <p class='ocr_par' dir='ltr' id='par_1_2' title="bbox 1 545 1203 1344">
     <span class='ocr_line' id='line_1_2' title="bbox 49 545 1195 628; baseline -0.005 -17"><span class='ocrx_word' id='word_1_2' title='bbox 49 549 93 611; x_wconf 91' lang='lat' dir='ltr'><strong>H.</strong></span> <span class='ocrx_word' id='word_1_3' title='bbox 119 548 144 624; x_wconf 89' lang='lat' dir='ltr'><strong>I,</strong></span> <span class='ocrx_word' id='word_1_4' title='bbox 171 548 222 610; x_wconf 90' lang='lat'><strong>81.</strong></span> <span class='ocrx_word' id='word_1_5' title='bbox 256 546 337 627; x_wconf 87' lang='lat' dir='ltr'><strong>(Ubi</strong></span> <span class='ocrx_word' id='word_1_6' title='bbox 370 545 494 608; x_wconf 88' lang='lat' dir='ltr'><strong>milites</strong></span> <span class='ocrx_word' id='word_1_7' title='bbox 526 555 674 608; x_wconf 91' lang='lat' dir='ltr'><strong>mortem</strong></span> <span class='ocrx_word' id='word_1_8' title='bbox 706 547 878 621; x_wconf 80' lang='lat' dir='ltr'><strong>omnibuS,</strong></span> <span class='ocrx_word' id='word_1_9' title='bbox 909 549 969 628; x_wconf 95' lang='lat' dir='ltr'><strong>qui</strong></span> <span class='ocrx_word' id='word_1_10' title='bbox 995 547 1030 609; x_wconf 93' lang='lat' dir='ltr'><strong>in</strong></span> <span class='ocrx_word' id='word_1_11' title='bbox 1055 545 1195 608; x_wconf 90' lang='lat' dir='ltr'><strong>convivio</strong></span> 
     </span>
     <span class='ocr_line' id='line_1_3' title="bbox 1 665 1197 750; baseline -0.006 -19"><span class='ocrx_word' id='word_1_12' title='bbox 1 668 94 750; x_wconf 91' lang='lat' dir='ltr'><strong>apud</strong></span> <span class='ocrx_word' id='word_1_13' title='bbox 127 666 301 731; x_wconf 89' lang='lat' dir='ltr'><strong>Othonem</strong></span> <span class='ocrx_word' id='word_1_14' title='bbox 333 666 486 739; x_wconf 89' lang='lat' dir='ltr'><strong>aderant,</strong></span> <span class='ocrx_word' id='word_1_15' title='bbox 517 665 733 728; x_wconf 91' lang='lat' dir='ltr'><strong>senatoribus</strong></span> <span class='ocrx_word' id='word_1_16' title='bbox 766 666 968 728; x_wconf 87' lang='lat' dir='ltr'><strong>minitantes</strong></span> <span class='ocrx_word' id='word_1_17' title='bbox 993 667 1148 747; x_wconf 80' lang='lat' dir='ltr'>irrupere,</span> <span class='ocrx_word' id='word_1_18' title='bbox 1170 672 1197 725; x_wconf 89' lang='lat' dir='ltr'><strong>et</strong></span> 
     </span>
     <span class='ocr_line' id='line_1_4' title="bbox 4 785 1197 869; baseline -0.004 -19"><span class='ocrx_word' id='word_1_19' title='bbox 4 790 77 869; x_wconf 91' lang='lat' dir='ltr'><strong>ipse</strong></span> <span class='ocrx_word' id='word_1_20' title='bbox 108 786 201 851; x_wconf 89' lang='lat' dir='ltr'><strong>Otho</strong></span> <span class='ocrx_word' id='word_1_21' title='bbox 232 806 376 868; x_wconf 88' lang='lat' dir='ltr'>propere</span> <span class='ocrx_word' id='word_1_22' title='bbox 401 786 563 848; x_wconf 90' lang='lat' dir='ltr'><strong>convivas</strong></span> <span class='ocrx_word' id='word_1_23' title='bbox 587 785 682 848; x_wconf 89' lang='lat' dir='ltr'><strong>abire</strong></span> <span class='ocrx_word' id='word_1_24' title='bbox 705 785 828 866; x_wconf 87' lang='lat' dir='ltr'><strong>iussit):</strong></span> <span class='ocrx_word' id='word_1_25' title='bbox 859 795 953 864; x_wconf 89' lang='lat' dir='ltr'><strong>,tum</strong></span> <span class='ocrx_word' id='word_1_26' title='bbox 979 807 1062 849; x_wconf 91' lang='lat' dir='ltr'><strong>vero</strong></span> <span class='ocrx_word' id='word_1_27' title='bbox 1087 786 1197 868; x_wconf 88' lang='lat' dir='ltr'><strong>passim</strong></span> 
     </span>
     <span class='ocr_line' id='line_1_5' title="bbox 5 904 1198 988; baseline -0.005 -19"><span class='ocrx_word' id='word_1_28' title='bbox 5 907 222 988; x_wconf 83' lang='lat' dir='ltr'><strong>magistratus</strong></span> <span class='ocrx_word' id='word_1_29' title='bbox 247 905 407 987; x_wconf 89' lang='lat' dir='ltr'><strong>proiectis</strong></span> <span class='ocrx_word' id='word_1_30' title='bbox 429 904 627 986; x_wconf 88' lang='lat' dir='ltr'><strong>insignibus,</strong></span> <span class='ocrx_word' id='word_1_31' title='bbox 653 906 762 967; x_wconf 87' lang='lat' dir='ltr'><strong>vitata</strong></span> <span class='ocrx_word' id='word_1_32' title='bbox 785 906 954 967; x_wconf 92' lang='lat' dir='ltr'><strong>comitum</strong></span> <span class='ocrx_word' id='word_1_33' title='bbox 980 916 1016 968; x_wconf 95' lang='lat' dir='ltr'><strong>et</strong></span> <span class='ocrx_word' id='word_1_34' title='bbox 1039 924 1198 968; x_wconf 90' lang='lat' dir='ltr'><strong>servorum</strong></span> 
     </span>
     <span class='ocr_line' id='line_1_6' title="bbox 7 1022 1201 1106; baseline -0.003 -18"><span class='ocrx_word' id='word_1_35' title='bbox 7 1025 207 1106; x_wconf 84' lang='lat' dir='ltr'><strong>frequentia,</strong></span> <span class='ocrx_word' id='word_1_36' title='bbox 239 1043 336 1086; x_wconf 91' lang='lat' dir='ltr'><strong>senes</strong></span> <span class='ocrx_word' id='word_1_37' title='bbox 368 1022 581 1105; x_wconf 85' lang='lat' dir='ltr'><strong>feminaeque</strong></span> <span class='ocrx_word' id='word_1_38' title='bbox 611 1044 672 1105; x_wconf 91' lang='lat' dir='ltr'><strong>per</strong></span> <span class='ocrx_word' id='word_1_39' title='bbox 695 1024 857 1087; x_wconf 91' lang='lat' dir='ltr'><strong>tenebras</strong></span> <span class='ocrx_word' id='word_1_40' title='bbox 882 1026 1023 1088; x_wconf 87' lang='lat' dir='ltr'><strong>diversa</strong></span> <span class='ocrx_word' id='word_1_41' title='bbox 1047 1026 1137 1088; x_wconf 90' lang='lat' dir='ltr'><strong>urbis</strong></span> <span class='ocrx_word' id='word_1_42' title='bbox 1158 1025 1201 1085; x_wconf 88' lang='lat' dir='ltr'><strong>iti·</strong></span> 
     </span>
     <span class='ocr_line' id='line_1_7' title="bbox 9 1141 1203 1225; baseline -0.003 -18"><span class='ocrx_word' id='word_1_43' title='bbox 9 1164 99 1218; x_wconf 87' lang='lat' dir='ltr'><strong>nera,</strong></span> <span class='ocrx_word' id='word_1_44' title='bbox 128 1144 191 1205; x_wconf 90' lang='lat' dir='ltr'><strong>rari</strong></span> <span class='ocrx_word' id='word_1_45' title='bbox 221 1142 352 1216; x_wconf 78' lang='lat' dir='ltr'><strong>domoS,</strong></span> <span class='ocrx_word' id='word_1_46' title='bbox 381 1141 516 1222; x_wconf 91' lang='lat' dir='ltr'><strong>plurimi</strong></span> <span class='ocrx_word' id='word_1_47' title='bbox 540 1142 728 1204; x_wconf 90' lang='lat' dir='ltr'><strong>amicorum</strong></span> <span class='ocrx_word' id='word_1_48' title='bbox 752 1151 857 1217; x_wconf 88' lang='lat' dir='ltr'><strong>tecta,</strong></span> <span class='ocrx_word' id='word_1_49' title='bbox 884 1153 920 1206; x_wconf 91' lang='lat' dir='ltr'><strong>et</strong></span> <span class='ocrx_word' id='word_1_50' title='bbox 945 1154 983 1206; x_wconf 88' lang='lat' dir='ltr'><strong>ut</strong></span> <span class='ocrx_word' id='word_1_51' title='bbox 1009 1147 1131 1225; x_wconf 90' lang='lat' dir='ltr'><strong>cuique</strong></span> <span class='ocrx_word' id='word_1_52' title='bbox 1154 1144 1203 1205; x_wconf 92' lang='lat' dir='ltr'><strong>hu·</strong></span> 
     </span>
     <span class='ocr_line' id='line_1_8' title="bbox 8 1260 871 1344; baseline -0.003 -17"><span class='ocrx_word' id='word_1_53' title='bbox 8 1263 167 1327; x_wconf 91' lang='lat' dir='ltr'><strong>millimus</strong></span> <span class='ocrx_word' id='word_1_54' title='bbox 191 1261 296 1324; x_wconf 90' lang='lat' dir='ltr'><strong>cliens</strong></span> <span class='ocrx_word' id='word_1_55' title='bbox 319 1262 466 1324; x_wconf 91' lang='lat' dir='ltr'><strong>incertas</strong></span> <span class='ocrx_word' id='word_1_56' title='bbox 490 1260 639 1324; x_wconf 86' lang='lat' dir='ltr'><strong>latebras</strong></span> <span class='ocrx_word' id='word_1_57' title='bbox 663 1261 871 1344; x_wconf 88' lang='lat' dir='ltr'><strong>petierunt‘’.</strong></span> 
     </span>
    </p>

    <p class='ocr_par' dir='ltr' id='par_1_3' title="bbox 8 1380 1210 2059">
     <span class='ocr_line' id='line_1_9' title="bbox 52 1380 1206 1456; baseline -0.003 -11"><span class='ocrx_word' id='word_1_58' title='bbox 52 1382 239 1445; x_wconf 87' lang='lat' dir='ltr'><strong>Adiectivo</strong></span> <span class='ocrx_word' id='word_1_59' title='bbox 263 1382 407 1443; x_wconf 87' lang='lat' dir='ltr'><strong>incertas</strong></span> <span class='ocrx_word' id='word_1_60' title='bbox 430 1400 498 1442; x_wconf 89' lang='lat' dir='ltr'><strong>non</strong></span> <span class='ocrx_word' id='word_1_61' title='bbox 523 1380 699 1443; x_wconf 90' lang='lat' dir='ltr'><strong>clientium</strong></span> <span class='ocrx_word' id='word_1_62' title='bbox 725 1380 971 1456; x_wconf 85' lang='lat' dir='ltr'><strong>habitationes,</strong></span> <span class='ocrx_word' id='word_1_63' title='bbox 998 1391 1036 1444; x_wconf 92' lang='lat' dir='ltr'><strong>ut</strong></span> <span class='ocrx_word' id='word_1_64' title='bbox 1063 1392 1132 1445; x_wconf 88' lang='lat' dir='ltr'><strong>tam</strong></span> <span class='ocrx_word' id='word_1_65' title='bbox 1155 1382 1206 1442; x_wconf 92' lang='lat' dir='ltr'><strong>hu·</strong></span> 
     </span>
     <span class='ocr_line' id='line_1_10' title="bbox 9 1500 1206 1583; baseline -0.002 -18"><span class='ocrx_word' id='word_1_66' title='bbox 9 1503 115 1576; x_wconf 76' lang='lat' dir='ltr'><strong>mileS,</strong></span> <span class='ocrx_word' id='word_1_67' title='bbox 139 1510 279 1583; x_wconf 90' lang='lat' dir='ltr'><strong>tamque</strong></span> <span class='ocrx_word' id='word_1_68' title='bbox 304 1500 337 1561; x_wconf 93' lang='lat' dir='ltr'><strong>in</strong></span> <span class='ocrx_word' id='word_1_69' title='bbox 362 1500 477 1581; x_wconf 92' lang='lat' dir='ltr'><strong>aliquo</strong></span> <span class='ocrx_word' id='word_1_70' title='bbox 501 1500 594 1562; x_wconf 90' lang='lat' dir='ltr'><strong>urbis</strong></span> <span class='ocrx_word' id='word_1_71' title='bbox 616 1500 743 1581; x_wconf 85' lang='lat' dir='ltr'><strong>angulo</strong></span> <span class='ocrx_word' id='word_1_72' title='bbox 763 1500 976 1575; x_wconf 89' lang='lat' dir='ltr'><strong>reconditae,</strong></span> <span class='ocrx_word' id='word_1_73' title='bbox 998 1510 1038 1564; x_wconf 93' lang='lat' dir='ltr'><strong>ut</strong></span> <span class='ocrx_word' id='word_1_74' title='bbox 1060 1502 1148 1565; x_wconf 84' lang='lat' dir='ltr'><strong>haud</strong></span> <span class='ocrx_word' id='word_1_75' title='bbox 1167 1501 1206 1563; x_wconf 88' lang='lat' dir='ltr'><strong>l·</strong></span> 
     </span>
     <span class='ocr_line' id='line_1_11' title="bbox 8 1617 1207 1701; baseline 0.001 -19"><span class='ocrx_word' id='word_1_76' title='bbox 8 1619 71 1683; x_wconf 93' lang='lat' dir='ltr'><strong>cile</strong></span> <span class='ocrx_word' id='word_1_77' title='bbox 88 1640 107 1682; x_wconf 89' lang='lat' dir='ltr'><strong>a</strong></span> <span class='ocrx_word' id='word_1_78' title='bbox 122 1617 404 1701; x_wconf 86' lang='lat' dir='ltr'><strong>persequentibus</strong></span> <span class='ocrx_word' id='word_1_79' title='bbox 417 1618 642 1699; x_wconf 90' lang='lat' dir='ltr'><strong>praetorianis</strong></span> <span class='ocrx_word' id='word_1_80' title='bbox 655 1619 799 1680; x_wconf 90' lang='lat' dir='ltr'><strong>inveniri</strong></span> <span class='ocrx_word' id='word_1_81' title='bbox 809 1619 954 1700; x_wconf 90' lang='lat' dir='ltr'><strong>possint,</strong></span> <span class='ocrx_word' id='word_1_82' title='bbox 965 1622 1207 1693; x_wconf 88' lang='lat' dir='ltr'><strong>deseribuntur,</strong></span> 
     </span>
     <span class='ocr_line' id='line_1_12' title="bbox 9 1735 1209 1818; baseline 0.001 -18"><span class='ocrx_word' id='word_1_83' title='bbox 9 1739 69 1800; x_wconf 92' lang='lat' dir='ltr'><strong>sed</strong></span> <span class='ocrx_word' id='word_1_84' title='bbox 93 1738 250 1800; x_wconf 82' lang='lat' dir='ltr'><strong>iudicium</strong></span> <span class='ocrx_word' id='word_1_85' title='bbox 274 1736 379 1818; x_wconf 90' lang='lat' dir='ltr'><strong>ipsius</strong></span> <span class='ocrx_word' id='word_1_86' title='bbox 402 1735 525 1810; x_wconf 91' lang='lat' dir='ltr'><strong>Taciti,</strong></span> <span class='ocrx_word' id='word_1_87' title='bbox 548 1735 645 1799; x_wconf 91' lang='lat' dir='ltr'><strong>triste</strong></span> <span class='ocrx_word' id='word_1_88' title='bbox 669 1744 773 1818; x_wconf 89' lang='lat' dir='ltr'><strong>atque</strong></span> <span class='ocrx_word' id='word_1_89' title='bbox 798 1755 969 1812; x_wconf 89' lang='lat' dir='ltr'><strong>severum,</strong></span> <span class='ocrx_word' id='word_1_90' title='bbox 995 1759 1039 1801; x_wconf 89' lang='lat' dir='ltr'><strong>eo</strong></span> <span class='ocrx_word' id='word_1_91' title='bbox 1065 1741 1209 1801; x_wconf 87' lang='lat' dir='ltr'><strong>contine·</strong></span> 
     </span>
     <span class='ocr_line' id='line_1_13' title="bbox 10 1855 1210 1934; baseline -0.001 -14"><span class='ocrx_word' id='word_1_92' title='bbox 10 1867 78 1932; x_wconf 76' lang='lat' dir='ltr'><strong>tur,</strong></span> <span class='ocrx_word' id='word_1_93' title='bbox 104 1857 169 1919; x_wconf 91' lang='lat' dir='ltr'><strong>hoc</strong></span> <span class='ocrx_word' id='word_1_94' title='bbox 193 1857 283 1918; x_wconf 93' lang='lat' dir='ltr'><strong>enim</strong></span> <span class='ocrx_word' id='word_1_95' title='bbox 307 1856 407 1917; x_wconf 90' lang='lat' dir='ltr'><strong>dicit:</strong></span> <span class='ocrx_word' id='word_1_96' title='bbox 436 1856 481 1934; x_wconf 83' lang='lat' dir='ltr'><strong>„si</strong></span> <span class='ocrx_word' id='word_1_97' title='bbox 506 1875 560 1918; x_wconf 90' lang='lat' dir='ltr'><strong>res</strong></span> <span class='ocrx_word' id='word_1_98' title='bbox 584 1857 617 1918; x_wconf 92' lang='lat' dir='ltr'><strong>in</strong></span> <span class='ocrx_word' id='word_1_99' title='bbox 642 1875 813 1919; x_wconf 89' lang='lat' dir='ltr'><strong>summum</strong></span> <span class='ocrx_word' id='word_1_100' title='bbox 837 1855 957 1919; x_wconf 86' lang='lat' dir='ltr'><strong>luisset</strong></span> <span class='ocrx_word' id='word_1_101' title='bbox 977 1859 1132 1921; x_wconf 90' lang='lat' dir='ltr'><strong>adducta</strong></span> <span class='ocrx_word' id='word_1_102' title='bbox 1151 1861 1210 1921; x_wconf 91' lang='lat' dir='ltr'><strong>dis-</strong></span> 
     </span>
     <span class='ocr_line' id='line_1_14' title="bbox 11 1975 1064 2059; baseline 0 -19"><span class='ocrx_word' id='word_1_103' title='bbox 11 1979 149 2050; x_wconf 90' lang='lat' dir='ltr'><strong>crimen,</strong></span> <span class='ocrx_word' id='word_1_104' title='bbox 174 1976 339 2059; x_wconf 86' lang='lat' dir='ltr'><strong>prodituri</strong></span> <span class='ocrx_word' id='word_1_105' title='bbox 363 1983 527 2056; x_wconf 86' lang='lat' dir='ltr'><strong>patronos</strong></span> <span class='ocrx_word' id='word_1_106' title='bbox 551 1995 630 2037; x_wconf 91' lang='lat' dir='ltr'><strong>suos</strong></span> <span class='ocrx_word' id='word_1_107' title='bbox 653 1975 700 2037; x_wconf 94' lang='lat' dir='ltr'><strong>illi</strong></span> <span class='ocrx_word' id='word_1_108' title='bbox 724 1976 866 2038; x_wconf 91' lang='lat' dir='ltr'><strong>clientes</strong></span> <span class='ocrx_word' id='word_1_109' title='bbox 890 1977 1012 2040; x_wconf 88' lang='lat' dir='ltr'><strong>erant&#39;’</strong></span> <span class='ocrx_word' id='word_1_110' title='bbox 1030 1978 1064 2059; x_wconf 89' lang='lat'><strong>¹).</strong></span> 
     </span>
    </p>

    <p class='ocr_par' dir='ltr' id='par_1_4' title="bbox 12 2094 1218 4098">
     <span class='ocr_line' id='line_1_15' title="bbox 58 2094 1214 2181; baseline 0.001 -22"><span class='ocrx_word' id='word_1_111' title='bbox 58 2097 101 2159; x_wconf 91' lang='lat' dir='ltr'><strong>H.</strong></span> <span class='ocrx_word' id='word_1_112' title='bbox 127 2096 187 2170; x_wconf 92' lang='grc' dir='ltr'><strong>ΙΙΙ,</strong></span> <span class='ocrx_word' id='word_1_113' title='bbox 215 2112 255 2176; x_wconf 85' lang='lat'><strong>23</strong></span> <span class='ocrx_word' id='word_1_114' title='bbox 290 2103 323 2157; x_wconf 92' lang='lat' dir='ltr'><strong>et</strong></span> <span class='ocrx_word' id='word_1_115' title='bbox 357 2110 408 2175; x_wconf 83' lang='lat'><strong>25.</strong></span> <span class='ocrx_word' id='word_1_116' title='bbox 442 2094 605 2157; x_wconf 93' lang='lat' dir='ltr'><strong>Nondum</strong></span> <span class='ocrx_word' id='word_1_117' title='bbox 637 2097 719 2158; x_wconf 90' lang='lat' dir='ltr'><strong>satis</strong></span> <span class='ocrx_word' id='word_1_118' title='bbox 752 2105 910 2159; x_wconf 89' lang='lat' dir='ltr'><strong>accurate</strong></span> <span class='ocrx_word' id='word_1_119' title='bbox 943 2096 1131 2181; x_wconf 91' lang='lat' dir='ltr'><strong>lucideque</strong></span> <span class='ocrx_word' id='word_1_120' title='bbox 1161 2101 1214 2161; x_wconf 90' lang='lat' dir='ltr'><strong>de·</strong></span> 
     </span>
     <span class='ocr_line' id='line_1_16' title="bbox 14 2215 1215 2302; baseline -0.001 -22"><span class='ocrx_word' id='word_1_121' title='bbox 14 2225 237 2280; x_wconf 91' lang='lat' dir='ltr'><strong>monstratum</strong></span> <span class='ocrx_word' id='word_1_122' title='bbox 262 2235 334 2277; x_wconf 92' lang='lat' dir='ltr'><strong>esse</strong></span> <span class='ocrx_word' id='word_1_123' title='bbox 359 2216 481 2296; x_wconf 91' lang='lat' dir='ltr'><strong>opinor</strong></span> <span class='ocrx_word' id='word_1_124' title='bbox 504 2215 586 2295; x_wconf 92' lang='lat' dir='ltr'><strong>quid</strong></span> <span class='ocrx_word' id='word_1_125' title='bbox 611 2224 700 2277; x_wconf 92' lang='lat' dir='ltr'><strong>esset</strong></span> <span class='ocrx_word' id='word_1_126' title='bbox 725 2215 772 2296; x_wconf 85' lang='lat' dir='ltr'><strong>(in</strong></span> <span class='ocrx_word' id='word_1_127' title='bbox 797 2217 994 2280; x_wconf 86' lang='lat' dir='ltr'><strong>narratione</strong></span> <span class='ocrx_word' id='word_1_128' title='bbox 1019 2220 1065 2281; x_wconf 92' lang='lat' dir='ltr'><strong>de</strong></span> <span class='ocrx_word' id='word_1_129' title='bbox 1091 2219 1215 2302; x_wconf 92' lang='lat' dir='ltr'><strong>proelio</strong></span> 
     </span>
     <span class='ocr_line' id='line_1_17' title="bbox 13 2335 1216 2417; baseline 0.001 -19"><span class='ocrx_word' id='word_1_130' title='bbox 13 2336 245 2414; x_wconf 83' lang='lat' dir='ltr'><strong>Cremonensi)</strong></span> <span class='ocrx_word' id='word_1_131' title='bbox 276 2356 383 2416; x_wconf 81' lang='lat' dir='ltr'><strong>agger</strong></span> <span class='ocrx_word' id='word_1_132' title='bbox 413 2336 488 2397; x_wconf 85' lang='lat' dir='ltr'><strong>viae</strong></span> <span class='ocrx_word' id='word_1_133' title='bbox 518 2343 553 2396; x_wconf 90' lang='lat' dir='ltr'><strong>et</strong></span> <span class='ocrx_word' id='word_1_134' title='bbox 582 2335 665 2417; x_wconf 92' lang='lat' dir='ltr'><strong>quid</strong></span> <span class='ocrx_word' id='word_1_135' title='bbox 690 2335 784 2398; x_wconf 86' lang='lat' dir='ltr'><strong>limes</strong></span> <span class='ocrx_word' id='word_1_136' title='bbox 806 2337 890 2398; x_wconf 84' lang='lat' dir='ltr'><strong>viae.</strong></span> <span class='ocrx_word' id='word_1_137' title='bbox 918 2335 1022 2400; x_wconf 88' lang='lat' dir='ltr'><strong>Certe</strong></span> <span class='ocrx_word' id='word_1_138' title='bbox 1047 2339 1082 2401; x_wconf 92' lang='lat' dir='ltr'><strong>in</strong></span> <span class='ocrx_word' id='word_1_139' title='bbox 1108 2358 1216 2400; x_wconf 89' lang='lat' dir='ltr'><strong>errore</strong></span> 
     </span>
     <span class='ocr_line' id='line_1_18' title="bbox 13 2452 1217 2540; baseline 0.002 -24"><span class='ocrx_word' id='word_1_140' title='bbox 13 2456 66 2517; x_wconf 90' lang='lat' dir='ltr'><strong>hic</strong></span> <span class='ocrx_word' id='word_1_141' title='bbox 92 2461 242 2515; x_wconf 91' lang='lat' dir='ltr'><strong>versatus</strong></span> <span class='ocrx_word' id='word_1_142' title='bbox 266 2460 317 2512; x_wconf 91' lang='lat' dir='ltr'><strong>est</strong></span> <span class='ocrx_word' id='word_1_143' title='bbox 343 2452 574 2534; x_wconf 92' lang='lat' dir='ltr'><strong>Nipperdeius</strong></span> <span class='ocrx_word' id='word_1_144' title='bbox 598 2455 726 2536; x_wconf 90' lang='lat' dir='ltr'><strong>quique</strong></span> <span class='ocrx_word' id='word_1_145' title='bbox 749 2474 778 2517; x_wconf 92' lang='lat' dir='ltr'><strong>c.</strong></span> <span class='ocrx_word' id='word_1_146' title='bbox 806 2469 844 2535; x_wconf 85' lang='lat'><strong>25</strong></span> <span class='ocrx_word' id='word_1_147' title='bbox 868 2457 1016 2519; x_wconf 90' lang='lat' dir='ltr'><strong>eandem</strong></span> <span class='ocrx_word' id='word_1_148' title='bbox 1038 2479 1145 2540; x_wconf 91' lang='lat' dir='ltr'><strong>quam</strong></span> <span class='ocrx_word' id='word_1_149' title='bbox 1166 2459 1217 2520; x_wconf 92' lang='lat' dir='ltr'><strong>ille</strong></span> 
     </span>
     <span class='ocr_line' id='line_1_19' title="bbox 12 2569 1218 2656; baseline 0.002 -21"><span class='ocrx_word' id='word_1_150' title='bbox 12 2570 265 2637; x_wconf 92' lang='lat' dir='ltr'><strong>distinctionem</strong></span> <span class='ocrx_word' id='word_1_151' title='bbox 297 2569 474 2649; x_wconf 90' lang='lat' dir='ltr'><strong>praebent.</strong></span> <span class='ocrx_word' id='word_1_152' title='bbox 505 2570 561 2636; x_wconf 89' lang='lat' dir='ltr'><strong>Sic</strong></span> <span class='ocrx_word' id='word_1_153' title='bbox 586 2574 677 2636; x_wconf 91' lang='lat' dir='ltr'><strong>enim</strong></span> <span class='ocrx_word' id='word_1_154' title='bbox 703 2574 749 2636; x_wconf 94' lang='lat' dir='ltr'><strong>ibi</strong></span> <span class='ocrx_word' id='word_1_155' title='bbox 774 2574 899 2638; x_wconf 89' lang='lat' dir='ltr'><strong>edunt:</strong></span> <span class='ocrx_word' id='word_1_156' title='bbox 929 2575 1057 2656; x_wconf 81' lang='lat' dir='ltr'><strong>„laxati</strong></span> <span class='ocrx_word' id='word_1_157' title='bbox 1084 2579 1218 2641; x_wconf 89' lang='lat' dir='ltr'><strong>ordines</strong></span> 
     </span>
     <span class='ocr_line' id='line_1_20' title="bbox 12 2686 1216 2781; baseline 0.008 -29"><span class='ocrx_word' id='word_1_158' title='bbox 12 2692 68 2773; x_wconf 87' lang='lat' dir='ltr'><strong>(sc.</strong></span> <span class='ocrx_word' id='word_1_159' title='bbox 102 2686 373 2766; x_wconf 83' lang='lat' dir='ltr'><strong>Vitellianorum)</strong></span> <span class='ocrx_word' id='word_1_160' title='bbox 405 2687 673 2771; x_wconf 87' lang='lat' dir='ltr'><strong>abrumpuntur;</strong></span> <span class='ocrx_word' id='word_1_161' title='bbox 699 2713 762 2757; x_wconf 91' lang='lat' dir='ltr'><strong>nec</strong></span> <span class='ocrx_word' id='word_1_162' title='bbox 787 2694 918 2757; x_wconf 90' lang='lat' dir='ltr'><strong>restitui</strong></span> <span class='ocrx_word' id='word_1_163' title='bbox 943 2698 1090 2777; x_wconf 89' lang='lat' dir='ltr'><strong>quivere</strong></span> <span class='ocrx_word' id='word_1_164' title='bbox 1114 2701 1216 2781; x_wconf 91' lang='lat' dir='ltr'><strong>impe·</strong></span> 
     </span>
     <span class='ocr_line' id='line_1_21' title="bbox 12 2803 1216 2900; baseline 0.007 -28"><span class='ocrx_word' id='word_1_165' title='bbox 12 2805 183 2873; x_wconf 82' lang='lat' dir='ltr'><strong>clientibus</strong></span> <span class='ocrx_word' id='word_1_166' title='bbox 202 2803 365 2866; x_wconf 89' lang='lat' dir='ltr'><strong>vehiculis</strong></span> <span class='ocrx_word' id='word_1_167' title='bbox 384 2810 635 2891; x_wconf 87' lang='lat' dir='ltr'><strong>tormentisque</strong></span> <span class='ocrx_word' id='word_1_168' title='bbox 656 2832 717 2894; x_wconf 94' lang='lat' dir='ltr'><strong>per</strong></span> <span class='ocrx_word' id='word_1_169' title='bbox 734 2813 877 2877; x_wconf 90' lang='lat' dir='ltr'><strong>limitem</strong></span> <span class='ocrx_word' id='word_1_170' title='bbox 897 2816 984 2879; x_wconf 91' lang='lat' dir='ltr'><strong>viae.</strong></span> <span class='ocrx_word' id='word_1_171' title='bbox 1003 2815 1216 2900; x_wconf 85' lang='lat' dir='ltr'><strong>Sparguntur</strong></span> 
     </span>
     <span class='ocr_line' id='line_1_22' title="bbox 14 2924 1216 3002; baseline 0.007 -10"><span class='ocrx_word' id='word_1_172' title='bbox 14 2924 228 2992; x_wconf 82' lang='lat' dir='ltr'><strong>festinatione</strong></span> <span class='ocrx_word' id='word_1_173' title='bbox 251 2925 472 2987; x_wconf 88' lang='lat' dir='ltr'><strong>consectandi</strong></span> <span class='ocrx_word' id='word_1_174' title='bbox 499 2928 681 2992; x_wconf 88' lang='lat' dir='ltr'><strong>victores&#39;&#39;.</strong></span> <span class='ocrx_word' id='word_1_175' title='bbox 706 2932 756 2995; x_wconf 86' lang='lat' dir='ltr'><strong>At</strong></span> <span class='ocrx_word' id='word_1_176' title='bbox 780 2935 828 2996; x_wconf 89' lang='lat' dir='ltr'><strong>sic</strong></span> <span class='ocrx_word' id='word_1_177' title='bbox 853 2934 948 2998; x_wconf 79' lang='lat' dir='ltr'><strong>limes</strong></span> <span class='ocrx_word' id='word_1_178' title='bbox 969 2937 1048 3000; x_wconf 84' lang='lat' dir='ltr'><strong>viae</strong></span> <span class='ocrx_word' id='word_1_179' title='bbox 1068 2939 1162 3002; x_wconf 94' lang='lat' dir='ltr'><strong>idem</strong></span> <span class='ocrx_word' id='word_1_180' title='bbox 1182 2938 1216 3000; x_wconf 85' lang='lat' dir='ltr'><strong>fit</strong></span> 
     </span>
     <span class='ocr_line' id='line_1_23' title="bbox 14 3044 1217 3135; baseline 0.008 -25"><span class='ocrx_word' id='word_1_181' title='bbox 14 3049 105 3131; x_wconf 91' lang='lat' dir='ltr'><strong>quod</strong></span> <span class='ocrx_word' id='word_1_182' title='bbox 137 3064 242 3126; x_wconf 81' lang='lat' dir='ltr'><strong>agger</strong></span> <span class='ocrx_word' id='word_1_183' title='bbox 272 3044 355 3118; x_wconf 80' lang='lat' dir='ltr'><strong>viae,</strong></span> <span class='ocrx_word' id='word_1_184' title='bbox 388 3046 558 3125; x_wconf 93' lang='lat' dir='ltr'><strong>siquidem</strong></span> <span class='ocrx_word' id='word_1_185' title='bbox 591 3070 620 3111; x_wconf 90' lang='lat' dir='ltr'><strong>c.</strong></span> <span class='ocrx_word' id='word_1_186' title='bbox 654 3067 695 3133; x_wconf 85' lang='lat'><strong>23</strong></span> <span class='ocrx_word' id='word_1_187' title='bbox 725 3053 887 3135; x_wconf 86' lang='lat' dir='ltr'><strong>legimus:</strong></span> <span class='ocrx_word' id='word_1_188' title='bbox 921 3055 1123 3134; x_wconf 84' lang='lat' dir='ltr'><strong>,Vitelliani</strong></span> <span class='ocrx_word' id='word_1_189' title='bbox 1154 3069 1217 3122; x_wconf 90' lang='lat' dir='ltr'><strong>tor·</strong></span> 
     </span>
     <span class='ocr_line' id='line_1_24' title="bbox 14 3163 1216 3255; baseline 0.006 -24"><span class='ocrx_word' id='word_1_190' title='bbox 14 3175 128 3231; x_wconf 90' lang='lat' dir='ltr'><strong>menta</strong></span> <span class='ocrx_word' id='word_1_191' title='bbox 152 3163 184 3224; x_wconf 93' lang='lat' dir='ltr'><strong>in</strong></span> <span class='ocrx_word' id='word_1_192' title='bbox 209 3181 367 3241; x_wconf 86' lang='lat' dir='ltr'><strong>aggerem</strong></span> <span class='ocrx_word' id='word_1_193' title='bbox 393 3163 467 3225; x_wconf 89' lang='lat' dir='ltr'><strong>viae</strong></span> <span class='ocrx_word' id='word_1_194' title='bbox 492 3167 741 3232; x_wconf 88' lang='lat' dir='ltr'><strong>contulerant”.</strong></span> <span class='ocrx_word' id='word_1_195' title='bbox 768 3172 818 3234; x_wconf 87' lang='lat' dir='ltr'><strong>At</strong></span> <span class='ocrx_word' id='word_1_196' title='bbox 842 3174 915 3255; x_wconf 91' lang='lat' dir='ltr'><strong>ipsa</strong></span> <span class='ocrx_word' id='word_1_197' title='bbox 933 3179 1106 3240; x_wconf 91' lang='lat' dir='ltr'><strong>sermonis</strong></span> <span class='ocrx_word' id='word_1_198' title='bbox 1126 3178 1216 3241; x_wconf 90' lang='lat' dir='ltr'><strong>latini</strong></span> 
     </span>
     <span class='ocr_line' id='line_1_25' title="bbox 15 3280 1216 3377; baseline 0.003 -25"><span class='ocrx_word' id='word_1_199' title='bbox 15 3285 144 3352; x_wconf 92' lang='lat' dir='ltr'><strong>indoles</strong></span> <span class='ocrx_word' id='word_1_200' title='bbox 175 3280 290 3343; x_wconf 91' lang='lat' dir='ltr'><strong>obstat</strong></span> <span class='ocrx_word' id='word_1_201' title='bbox 320 3283 502 3362; x_wconf 92' lang='lat' dir='ltr'><strong>quominus</strong></span> <span class='ocrx_word' id='word_1_202' title='bbox 533 3287 702 3350; x_wconf 89' lang='lat' dir='ltr'><strong>vocabula</strong></span> <span class='ocrx_word' id='word_1_203' title='bbox 734 3298 806 3353; x_wconf 90' lang='lat' dir='ltr'><strong>tam</strong></span> <span class='ocrx_word' id='word_1_204' title='bbox 837 3292 982 3368; x_wconf 90' lang='lat' dir='ltr'><strong>diversa,</strong></span> <span class='ocrx_word' id='word_1_205' title='bbox 1012 3316 1119 3377; x_wconf 92' lang='lat' dir='ltr'><strong>quam</strong></span> <span class='ocrx_word' id='word_1_206' title='bbox 1143 3304 1216 3359; x_wconf 91' lang='lat' dir='ltr'><strong>sunt</strong></span> 
     </span>
     <span class='ocr_line' id='line_1_26' title="bbox 15 3402 1214 3493; baseline 0.003 -21"><span class='ocrx_word' id='word_1_207' title='bbox 15 3410 107 3472; x_wconf 83' lang='lat' dir='ltr'><strong>limes</strong></span> <span class='ocrx_word' id='word_1_208' title='bbox 137 3412 171 3465; x_wconf 97' lang='lat' dir='ltr'><strong>et</strong></span> <span class='ocrx_word' id='word_1_209' title='bbox 201 3421 319 3483; x_wconf 84' lang='lat' dir='ltr'><strong>agger,</strong></span> <span class='ocrx_word' id='word_1_210' title='bbox 350 3421 499 3482; x_wconf 87' lang='lat' dir='ltr'><strong>unquam</strong></span> <span class='ocrx_word' id='word_1_211' title='bbox 532 3402 624 3464; x_wconf 94' lang='lat' dir='ltr'><strong>idem</strong></span> <span class='ocrx_word' id='word_1_212' title='bbox 656 3407 861 3487; x_wconf 85' lang='lat' dir='ltr'><strong>significent,</strong></span> <span class='ocrx_word' id='word_1_213' title='bbox 893 3431 1016 3493; x_wconf 90' lang='lat' dir='ltr'><strong>neque,</strong></span> <span class='ocrx_word' id='word_1_214' title='bbox 1046 3416 1074 3476; x_wconf 94' lang='lat' dir='ltr'><strong>si</strong></span> <span class='ocrx_word' id='word_1_215' title='bbox 1104 3424 1214 3478; x_wconf 90' lang='lat' dir='ltr'><strong>tamen</strong></span> 
     </span>
     <span class='ocr_line' id='line_1_27' title="bbox 15 3520 1215 3610; baseline 0.003 -17"><span class='ocrx_word' id='word_1_216' title='bbox 15 3527 175 3594; x_wconf 91' lang='lat' dir='ltr'><strong>sumimus</strong></span> <span class='ocrx_word' id='word_1_217' title='bbox 199 3521 324 3583; x_wconf 85' lang='lat' dir='ltr'><strong>lactum</strong></span> <span class='ocrx_word' id='word_1_218' title='bbox 350 3520 403 3581; x_wconf 92' lang='lat' dir='ltr'><strong>hic</strong></span> <span class='ocrx_word' id='word_1_219' title='bbox 428 3541 500 3583; x_wconf 90' lang='lat' dir='ltr'><strong>esse</strong></span> <span class='ocrx_word' id='word_1_220' title='bbox 524 3523 617 3603; x_wconf 93' lang='lat' dir='ltr'><strong>quod</strong></span> <span class='ocrx_word' id='word_1_221' title='bbox 643 3523 715 3587; x_wconf 87' lang='lat' dir='ltr'><strong>fieri</strong></span> <span class='ocrx_word' id='word_1_222' title='bbox 740 3547 809 3590; x_wconf 91' lang='lat' dir='ltr'><strong>non</strong></span> <span class='ocrx_word' id='word_1_223' title='bbox 834 3531 953 3610; x_wconf 92' lang='lat' dir='ltr'><strong>possit,</strong></span> <span class='ocrx_word' id='word_1_224' title='bbox 978 3533 1087 3596; x_wconf 93' lang='lat' dir='ltr'><strong>totius</strong></span> <span class='ocrx_word' id='word_1_225' title='bbox 1108 3554 1215 3596; x_wconf 89' lang='lat' dir='ltr'><strong>narra·</strong></span> 
     </span>
     <span class='ocr_line' id='line_1_28' title="bbox 16 3640 1215 3726; baseline -0.002 -10"><span class='ocrx_word' id='word_1_226' title='bbox 16 3647 116 3716; x_wconf 90' lang='lat' dir='ltr'><strong>tionis</strong></span> <span class='ocrx_word' id='word_1_227' title='bbox 144 3644 191 3706; x_wconf 91' lang='lat' dir='ltr'><strong>sic</strong></span> <span class='ocrx_word' id='word_1_228' title='bbox 221 3641 307 3702; x_wconf 89' lang='lat' dir='ltr'><strong>ratio</strong></span> <span class='ocrx_word' id='word_1_229' title='bbox 336 3649 479 3702; x_wconf 89' lang='lat' dir='ltr'><strong>constat.</strong></span> <span class='ocrx_word' id='word_1_230' title='bbox 505 3640 555 3703; x_wconf 83' lang='lat' dir='ltr'><strong>At</strong></span> <span class='ocrx_word' id='word_1_231' title='bbox 579 3647 787 3726; x_wconf 90' lang='lat' dir='ltr'><strong>transposita</strong></span> <span class='ocrx_word' id='word_1_232' title='bbox 813 3647 1036 3713; x_wconf 89' lang='lat' dir='ltr'><strong>distinctione</strong></span> <span class='ocrx_word' id='word_1_233' title='bbox 1060 3653 1215 3716; x_wconf 79' lang='lat' dir='ltr'><strong>simulet</strong></span> 
     </span>
     <span class='ocr_line' id='line_1_29' title="bbox 18 3758 1214 3852; baseline -0.003 -15"><span class='ocrx_word' id='word_1_234' title='bbox 18 3767 243 3837; x_wconf 88' lang='lat' dir='ltr'><strong>narrationem</strong></span> <span class='ocrx_word' id='word_1_235' title='bbox 274 3758 498 3821; x_wconf 81' lang='lat' dir='ltr'><strong>nanciscimur</strong></span> <span class='ocrx_word' id='word_1_236' title='bbox 523 3760 609 3823; x_wconf 91' lang='lat' dir='ltr'><strong>bene</strong></span> <span class='ocrx_word' id='word_1_237' title='bbox 635 3762 873 3828; x_wconf 89' lang='lat' dir='ltr'><strong>decurrentem</strong></span> <span class='ocrx_word' id='word_1_238' title='bbox 898 3767 934 3829; x_wconf 76' lang='lat' dir='ltr'><strong>et</strong></span> <span class='ocrx_word' id='word_1_239' title='bbox 957 3769 1137 3852; x_wconf 90' lang='lat' dir='ltr'><strong>utriusque</strong></span> <span class='ocrx_word' id='word_1_240' title='bbox 1161 3791 1214 3833; x_wconf 93' lang='lat' dir='ltr'><strong>vo·</strong></span> 
     </span>
     <span class='ocr_line' id='line_1_30' title="bbox 18 3878 1214 3970; baseline -0.007 -11"><span class='ocrx_word' id='word_1_241' title='bbox 18 3887 126 3959; x_wconf 87' lang='lat' dir='ltr'><strong>cabuli</strong></span> <span class='ocrx_word' id='word_1_242' title='bbox 159 3885 251 3948; x_wconf 78' lang='lat' dir='ltr'><strong>limes</strong></span> <span class='ocrx_word' id='word_1_243' title='bbox 282 3888 316 3941; x_wconf 89' lang='lat' dir='ltr'><strong>et</strong></span> <span class='ocrx_word' id='word_1_244' title='bbox 344 3899 451 3961; x_wconf 83' lang='lat' dir='ltr'><strong>agger</strong></span> <span class='ocrx_word' id='word_1_245' title='bbox 474 3878 758 3961; x_wconf 87' lang='lat' dir='ltr'><strong>significationem</strong></span> <span class='ocrx_word' id='word_1_246' title='bbox 784 3904 851 3946; x_wconf 94' lang='lat' dir='ltr'><strong>non</strong></span> <span class='ocrx_word' id='word_1_247' title='bbox 877 3885 988 3948; x_wconf 91' lang='lat' dir='ltr'><strong>solum</strong></span> <span class='ocrx_word' id='word_1_248' title='bbox 1013 3897 1134 3970; x_wconf 90' lang='lat' dir='ltr'><strong>aptam</strong></span> <span class='ocrx_word' id='word_1_249' title='bbox 1158 3889 1214 3950; x_wconf 90' lang='lat' dir='ltr'><strong>sed</strong></span> 
     </span>
     <span class='ocr_line' id='line_1_31' title="bbox 19 3999 1215 4098; baseline -0.002 -26"><span class='ocrx_word' id='word_1_250' title='bbox 19 4032 104 4098; x_wconf 83' lang='lat' dir='ltr'><strong>quae</strong></span> <span class='ocrx_word' id='word_1_251' title='bbox 130 4006 225 4069; x_wconf 91' lang='lat' dir='ltr'><strong>unice</strong></span> <span class='ocrx_word' id='word_1_252' title='bbox 250 4002 399 4083; x_wconf 91' lang='lat' dir='ltr'><strong>ipsorum</strong></span> <span class='ocrx_word' id='word_1_253' title='bbox 424 3999 607 4060; x_wconf 87' lang='lat' dir='ltr'><strong>conveniat</strong></span> <span class='ocrx_word' id='word_1_254' title='bbox 627 4011 777 4066; x_wconf 90' lang='lat' dir='ltr'><strong>naturae.</strong></span> <span class='ocrx_word' id='word_1_255' title='bbox 800 4002 856 4067; x_wconf 89' lang='lat' dir='ltr'><strong>Sic</strong></span> <span class='ocrx_word' id='word_1_256' title='bbox 877 4005 970 4067; x_wconf 90' lang='lat' dir='ltr'><strong>enim</strong></span> <span class='ocrx_word' id='word_1_257' title='bbox 991 4026 1020 4068; x_wconf 90' lang='lat' dir='ltr'><strong>c.</strong></span> <span class='ocrx_word' id='word_1_258' title='bbox 1044 4021 1084 4088; x_wconf 81' lang='lat'><strong>25</strong></span> <span class='ocrx_word' id='word_1_259' title='bbox 1105 4008 1215 4091; x_wconf 86' lang='lat' dir='ltr'><strong>legen·</strong></span> 
     </span>
    </p>
   </div>
   <div class='ocr_carea' id='block_1_3' title="bbox 23 4197 1217 4458">
    <p class='ocr_par' dir='ltr' id='par_1_5' title="bbox 23 4197 1217 4458">
     <span class='ocr_line' id='line_1_32' title="bbox 60 4197 1216 4281; baseline -0.006 -22"><span class='ocrx_word' id='word_1_260' title='bbox 60 4215 85 4281; x_wconf 79' lang='grc' dir='ltr'><strong>ι)</strong></span> <span class='ocrx_word' id='word_1_261' title='bbox 104 4208 181 4274; x_wconf 86' lang='lat' dir='ltr'><strong>Quod</strong></span> <span class='ocrx_word' id='word_1_262' title='bbox 199 4206 248 4255; x_wconf 94' lang='lat' dir='ltr'><strong>hoc</strong></span> <span class='ocrx_word' id='word_1_263' title='bbox 268 4217 344 4251; x_wconf 86' lang='lat' dir='ltr'><strong>sensu</strong></span> <span class='ocrx_word' id='word_1_264' title='bbox 364 4199 468 4248; x_wconf 81' lang='lat' dir='ltr'><strong>intutas</strong></span> <span class='ocrx_word' id='word_1_265' title='bbox 483 4197 580 4262; x_wconf 91' lang='lat' dir='ltr'><strong>requiri</strong></span> <span class='ocrx_word' id='word_1_266' title='bbox 597 4200 733 4249; x_wconf 88' lang='lat' dir='ltr'><strong>contendit</strong></span> <span class='ocrx_word' id='word_1_267' title='bbox 751 4203 929 4269; x_wconf 73' lang='lat' dir='ltr'><strong>Andresenus,</strong></span> <span class='ocrx_word' id='word_1_268' title='bbox 945 4205 1064 4255; x_wconf 82' lang='lat' dir='ltr'><strong>conferat</strong></span> <span class='ocrx_word' id='word_1_269' title='bbox 1081 4208 1116 4255; x_wconf 92' lang='lat' dir='ltr'><strong>H.</strong></span> <span class='ocrx_word' id='word_1_270' title='bbox 1135 4206 1156 4271; x_wconf 82' lang='lat'><strong>1,</strong></span> <span class='ocrx_word' id='word_1_271' title='bbox 1172 4204 1216 4254; x_wconf 86' lang='lat'><strong>88:</strong></span> 
     </span>
     <span class='ocr_line' id='line_1_33' title="bbox 25 4284 1217 4372; baseline -0.013 -21"><span class='ocrx_word' id='word_1_272' title='bbox 25 4320 87 4372; x_wconf 68' lang='lat' dir='ltr'><strong>„per</strong></span> <span class='ocrx_word' id='word_1_273' title='bbox 106 4302 202 4350; x_wconf 81' lang='lat' dir='ltr'><strong>incerto</strong></span> <span class='ocrx_word' id='word_1_274' title='bbox 223 4287 370 4351; x_wconf 74' lang='lat' dir='ltr'><strong>tutissimi&#39;,</strong></span> <span class='ocrx_word' id='word_1_275' title='bbox 389 4285 434 4334; x_wconf 90' lang='lat' dir='ltr'><strong>ubi</strong></span> <span class='ocrx_word' id='word_1_276' title='bbox 453 4292 541 4348; x_wconf 84' lang='lat' dir='ltr'><strong>aperte</strong></span> <span class='ocrx_word' id='word_1_277' title='bbox 560 4284 689 4335; x_wconf 79' lang='lat' dir='ltr'><strong>adiectiva</strong></span> <span class='ocrx_word' id='word_1_278' title='bbox 709 4303 776 4350; x_wconf 75' lang='lat' dir='ltr'><strong>quae</strong></span> <span class='ocrx_word' id='word_1_279' title='bbox 796 4298 856 4338; x_wconf 88' lang='lat' dir='ltr'><strong>sunt</strong></span> <span class='ocrx_word' id='word_1_280' title='bbox 875 4291 992 4340; x_wconf 79' lang='lat' dir='ltr'><strong>incertus</strong></span> <span class='ocrx_word' id='word_1_281' title='bbox 1011 4301 1038 4341; x_wconf 88' lang='lat' dir='ltr'><strong>et</strong></span> <span class='ocrx_word' id='word_1_282' title='bbox 1058 4301 1136 4342; x_wconf 77' lang='lat' dir='ltr'><strong>tutus</strong></span> <span class='ocrx_word' id='word_1_283' title='bbox 1152 4292 1217 4341; x_wconf 84' lang='lat' dir='ltr'><strong>iuter</strong></span> 
     </span>
     <span class='ocr_line' id='line_1_34' title="bbox 23 4370 1106 4458; baseline -0.011 -19"><span class='ocrx_word' id='word_1_284' title='bbox 23 4411 49 4446; x_wconf 67' lang='lat' dir='ltr'><strong>se</strong></span> <span class='ocrx_word' id='word_1_285' title='bbox 68 4394 246 4458; x_wconf 80' lang='lat' dir='ltr'><strong>opponuntur,</strong></span> <span class='ocrx_word' id='word_1_286' title='bbox 265 4390 379 4442; x_wconf 84' lang='lat' dir='ltr'><strong>ergoque</strong></span> <span class='ocrx_word' id='word_1_287' title='bbox 399 4373 515 4422; x_wconf 83' lang='lat' dir='ltr'><strong>incertus</strong></span> <span class='ocrx_word' id='word_1_288' title='bbox 533 4370 661 4434; x_wconf 85' lang='lat' dir='ltr'><strong>significat</strong></span> <span class='ocrx_word' id='word_1_289' title='bbox 676 4379 792 4436; x_wconf 81' lang='lat' dir='ltr'><strong>prorsus</strong></span> <span class='ocrx_word' id='word_1_290' title='bbox 811 4375 876 4424; x_wconf 83' lang='lat' dir='ltr'><strong>idem</strong></span> <span class='ocrx_word' id='word_1_291' title='bbox 896 4377 969 4440; x_wconf 89' lang='lat' dir='ltr'><strong>quod</strong></span> <span class='ocrx_word' id='word_1_292' title='bbox 987 4378 1106 4427; x_wconf 77' lang='lat' dir='ltr'><strong>intutus.</strong></span> 
     </span>
    </p>
   </div>
   <div class='ocr_carea' id='block_1_4' title="bbox 0 0 1628 5274">
    <p class='ocr_par' dir='ltr' id='par_1_6' title="bbox 0 0 1628 5274">
     <span class='ocr_line' id='line_1_35' title="bbox 0 0 1628 5274; baseline 0 0"><span class='ocrx_word' id='word_1_293' title='bbox 0 0 1628 5274; x_wconf 95' lang='lat' dir='ltr'><strong> </strong></span> 
     </span>
    </p>
   </div>
  </div>
 </body>
</html>
