3210 5274
685 1322 710 1386 l.

144 1550 325 1614 Eduardus
346 1549 507 1624 Wolffiin,
528 1569 605 1612 cum
627 1569 687 1632 per
706 1549 843 1631 longam
860 1569 1026 1612 annorum
1038 1549 1159 1612 seriem
1173 1548 1298 1610 doctis·

98 1670 191 1733 simis
215 1668 561 1751 ingeniosissimisque
585 1669 628 1730 ad
649 1668 806 1731 Tacitum
827 1668 1106 1731 annotationibus
1127 1667 1298 1750 praeclare

98 1789 165 1851 iam
191 1789 233 1850 de
259 1796 374 1850 nostra
397 1795 470 1849 arte
495 1788 634 1849 meritus
657 1796 756 1862 esset,
781 1786 846 1850 hoc
871 1788 945 1870 ipso
969 1806 1058 1849 anno
1082 1787 1297 1869 splendidam

98 1915 201 1987 atque
231 1907 438 1987 insperatam
469 1905 546 1968 huic
576 1907 732 1988 scriptori
763 1904 877 1968 attulit
907 1905 1016 1968 lucem
1047 1914 1081 1967 et
1108 1906 1156 1968 sic
1180 1907 1224 1968 ab
1248 1907 1298 1982 iis,

99 2027 157 2106 qui
192 2024 350 2088 Tacitum
386 2025 514 2108 legunt,
551 2026 756 2089 incubonem
793 2026 975 2107 quendam,
1008 2045 1077 2107 quo
1110 2026 1209 2088 nimis
1240 2027 1297 2089 diu

100 2144 394 2227 opprimebantur,
420 2145 549 2227 fugavit
574 2146 842 2209 demonstrando
868 2192 1006 2208 .....
1027 2145 1245 2208 Plutarchum
1266 2147 1299 2207 in

101 2264 179 2325 vitis
204 2262 333 2326 Galbae
359 2273 393 2326 et
419 2262 566 2327 Othonis
590 2265 778 2328 scribendis
801 2265 923 2327 Tacito
948 2273 1085 2327 auctore
1110 2284 1206 2327 usum
1223 2266 1255 2347 ¹).

148 2383 272 2445 Rideat
292 2382 346 2444 hic
366 2381 478 2445 forsan
498 2382 692 2447 Pulfennius
711 2385 830 2465 ingens
848 2393 882 2447 et
902 2384 1141 2467 ,praeclarum
1156 2381 1300 2457 hercle’',

102 2501 271 2563 exclamet
299 2503 507 2581 ,inventum
532 2504 704 2585 tantisque
727 2503 884 2566 laudibus
908 2504 1066 2585 dignum!
1091 2503 1195 2586 Quasi
1220 2523 1301 2566 vero

102 2621 289 2701 quidquam
310 2629 425 2683 nostra
445 2623 530 2683 scire
551 2623 683 2684 intersit
702 2627 906 2686 uter'utrum
926 2624 1151 2705 exscripserit.
1171 2622 1300 2705 Quodsi

103 2748 256 2802 vetustae
289 2739 364 2802 illae
398 2740 546 2815 chartae,
579 2741 613 2803 id
647 2742 739 2823 quod
772 2740 978 2816 dubitamus,
1010 2743 1150 2804 omnino
1178 2742 1301 2822 dignae

102 2867 179 2920 sunt
211 2878 299 2940 quae
332 2858 498 2941 legantur,
530 2880 582 2922 res
615 2861 693 2922 inde
726 2861 896 2924 discamus
926 2870 961 2924 et
993 2862 1091 2936 lacta,
1121 2869 1234 2923 cetera
1259 2882 1300 2924 ne

103 2983 275 3040 curemus!
308 2977 470 3042 Contenti
502 2999 576 3042 esse
606 2988 747 3062 possunt
772 2989 807 3042 et
831 2980 970 3043 Tacitus
994 2989 1029 3042 et
1055 2980 1252 3043 Plutarchus
1275 2981 1302 3042 si

104 3105 219 3159 nostra
243 3106 337 3159 aetas
360 3098 473 3179 legere
498 3118 557 3161 eos
582 3098 773 3180 dignatur''.

149 3216 199 3279 At
234 3218 292 3298 qui
328 3218 361 3279 in
399 3217 490 3280 hisce
526 3219 646 3281 studiis
681 3220 772 3281 vitae
808 3219 921 3302 posuit
952 3218 1171 3282 tabernacula
1202 3219 1303 3302 longe

104 3335 202 3398 aliter
225 3357 261 3398 se
286 3356 356 3398 rem
382 3336 507 3399 habere
532 3346 693 3419 expertus
717 3339 823 3400 novit.
848 3337 1018 3419 Quamdiu
1039 3339 1129 3401 enim
1150 3340 1304 3420 regnavit

106 3456 232 3538 opinio,
252 3476 353 3537 quam
374 3476 462 3519 nunc
482 3457 630 3538 denique
648 3457 808 3519 refutavit
822 3457 1056 3532 Woelfflinius,
1071 3458 1304 3521 incredibilem

106 3576 278 3655 quandam
315 3595 385 3637 rem
421 3595 483 3658 pro
518 3595 599 3639 vera
629 3577 786 3658 accipere
818 3576 1034 3657 cogebamur,
1067 3596 1134 3657 qua
1165 3578 1305 3639 tandem

106 3693 291 3775 aliquando
334 3714 396 3757 nos
434 3694 596 3758 liberatos
631 3696 713 3757 satis
747 3697 896 3778 gaudere
932 3715 1000 3758 non
1035 3715 1222 3778 possumus.
1261 3694 1306 3757 Et

107 3814 264 3895 regnavit
286 3812 359 3875 illa:
386 3823 657 3896 propugnatores
682 3816 772 3878 enim
797 3815 916 3878 habuit
941 3816 1031 3877 viros
1055 3833 1186 3876 summa
1211 3834 1306 3896 prae·

107 3934 199 3995 ditos
233 3934 446 4009 auctoritate,
482 3954 626 4016 quorum
663 3936 845 4018 imperiosa
881 3936 1020 3997 decreta
1055 3932 1306 4016 philologorum

108 4051 228 4133 vulgus
259 4060 357 4115 tanto
388 4053 571 4116 affecerant
602 4062 731 4116 terrore
766 4061 927 4134 metuque
952 4062 989 4115 ut
1013 4052 1143 4115 hiscere
1166 4054 1306 4115 auderet

148 4276 173 4342 r)
193 4278 224 4327 ln
252 4276 526 4341 ,Sitznngsberichteu
545 4277 591 4327 der
610 4278 811 4342 philos-philol.
832 4278 886 4327 und
905 4278 952 4327 der
970 4278 1060 4328 histor.
1081 4278 1170 4328 Classe
1190 4279 1236 4327 der
1255 4277 1308 4342 kgl.

107 4365 196 4427 bayer.
216 4365 357 4414 Academie
377 4363 423 4412 der
441 4364 667 4414 wissenschaften
690 4378 753 4427 ¹90¹
776 4363 840 4413 Heft
860 4364 899 4413 1”.
