<?xml version="1.0" encoding="UTF-8"?>
<!DOCTYPE html PUBLIC "-//W3C//DTD XHTML 1.0 Transitional//EN"
    "http://www.w3.org/TR/xhtml1/DTD/xhtml1-transitional.dtd">
<html xmlns="http://www.w3.org/1999/xhtml" xml:lang="en" lang="en">
 <head>
  <title>
</title>
<meta http-equiv="Content-Type" content="text/html;charset=utf-8" />
  <meta name='ocr-system' content='tesseract 3.04.00' />
  <meta name='ocr-capabilities' content='ocr_page ocr_carea ocr_par ocr_line ocrx_word'/>
</head>
<body>
  <div class='ocr_page' id='page_1' title='image "./analectatacitea00hartgoog_0129.png"; bbox 0 0 3210 5274; ppageno 0'>
   <div class='ocr_carea' id='block_1_1' title="bbox 769 339 828 400">
    <p class='ocr_par' dir='ltr' id='par_1_1' title="bbox 769 339 828 400">
     <span class='ocr_line' id='line_1_1' title="bbox 769 339 828 400; baseline 0.017 -1"><span class='ocrx_word' id='word_1_1' title='bbox 769 339 828 400; x_wconf 90' lang='lat'><strong>118</strong></span> 
     </span>
    </p>
   </div>
   <div class='ocr_carea' id='block_1_2' title="bbox 204 518 1391 601">
    <p class='ocr_par' dir='ltr' id='par_1_2' title="bbox 204 518 1391 601">
     <span class='ocr_line' id='line_1_2' title="bbox 204 518 1391 601; baseline 0.003 -20"><span class='ocrx_word' id='word_1_2' title='bbox 204 521 351 601; x_wconf 84' lang='lat' dir='ltr'><strong>tuantes)</strong></span> <span class='ocrx_word' id='word_1_3' title='bbox 388 519 435 582; x_wconf 89' lang='lat' dir='ltr'><strong>M’</strong></span> <span class='ocrx_word' id='word_1_4' title='bbox 472 520 601 581; x_wconf 92' lang='lat' dir='ltr'><strong>Ennius</strong></span> <span class='ocrx_word' id='word_1_5' title='bbox 644 518 833 600; x_wconf 81' lang='lat' dir='ltr'>praefectus</span> <span class='ocrx_word' id='word_1_6' title='bbox 868 519 1036 601; x_wconf 93' lang='lat' dir='ltr'><strong>supplicio</strong></span> <span class='ocrx_word' id='word_1_7' title='bbox 1071 521 1221 584; x_wconf 91' lang='lat' dir='ltr'><strong>duorum</strong></span> <span class='ocrx_word' id='word_1_8' title='bbox 1258 523 1391 585; x_wconf 91' lang='lat' dir='ltr'><strong>militum</strong></span> 
     </span>
    </p>
   </div>
   <div class='ocr_carea' id='block_1_3' title="bbox 206 639 1354 731">
    <p class='ocr_par' dir='ltr' id='par_1_3' title="bbox 206 639 1354 731">
     <span class='ocr_line' id='line_1_3' title="bbox 206 639 1354 731; baseline 0.003 -29"><span class='ocrx_word' id='word_1_9' title='bbox 206 640 358 722; x_wconf 87' lang='lat' dir='ltr'>reprimit</span> <span class='ocrx_word' id='word_1_10' title='bbox 383 677 425 686; x_wconf 93' lang='lat'>—</span> <span class='ocrx_word' id='word_1_11' title='bbox 449 640 508 702; x_wconf 91' lang='lat' dir='ltr'><strong>sed</strong></span> <span class='ocrx_word' id='word_1_12' title='bbox 534 640 568 700; x_wconf 91' lang='lat' dir='ltr'><strong>in</strong></span> <span class='ocrx_word' id='word_1_13' title='bbox 592 639 694 701; x_wconf 90' lang='lat' dir='ltr'><strong>breve</strong></span> <span class='ocrx_word' id='word_1_14' title='bbox 718 640 958 701; x_wconf 90' lang='lat' dir='ltr'><strong>tantummodo</strong></span> <span class='ocrx_word' id='word_1_15' title='bbox 982 648 1130 731; x_wconf 80' lang='lat' dir='ltr'><strong>tempus,</strong></span> <span class='ocrx_word' id='word_1_16' title='bbox 1155 662 1237 704; x_wconf 92' lang='lat' dir='ltr'><strong>nam</strong></span> <span class='ocrx_word' id='word_1_17' title='bbox 1261 664 1354 706; x_wconf 87' lang='lat' dir='ltr'><strong>mox:</strong></span> 
     </span>
    </p>
   </div>
   <div class='ocr_carea' id='block_1_4' title="bbox 200 757 1402 4186">
    <p class='ocr_par' dir='ltr' id='par_1_4' title="bbox 204 757 1392 1538">
     <span class='ocr_line' id='line_1_4' title="bbox 253 757 1392 844; baseline 0.003 -24"><span class='ocrx_word' id='word_1_18' title='bbox 253 760 520 837; x_wconf 81' lang='lat' dir='ltr'><strong>„intumescente</strong></span> <span class='ocrx_word' id='word_1_19' title='bbox 546 768 639 820; x_wconf 91' lang='lat' dir='ltr'><strong>motu</strong></span> <span class='ocrx_word' id='word_1_20' title='bbox 665 757 826 840; x_wconf 78' lang='lat' dir='ltr'><strong>profugus</strong></span> <span class='ocrx_word' id='word_1_21' title='bbox 851 767 1072 841; x_wconf 87' lang='lat' dir='ltr'><strong>repertusque</strong></span> <span class='ocrx_word' id='word_1_22' title='bbox 1089 758 1123 841; x_wconf 89' lang='lat'><strong>¹),</strong></span> <span class='ocrx_word' id='word_1_23' title='bbox 1147 770 1332 844; x_wconf 88' lang='lat' dir='ltr'>postquam</span> <span class='ocrx_word' id='word_1_24' title='bbox 1352 763 1392 824; x_wconf 88' lang='lat' dir='ltr'><strong>in·</strong></span> 
     </span>
     <span class='ocr_line' id='line_1_5' title="bbox 205 877 1391 964; baseline 0.003 -24"><span class='ocrx_word' id='word_1_25' title='bbox 205 887 299 941; x_wconf 90' lang='lat' dir='ltr'><strong>tutae</strong></span> <span class='ocrx_word' id='word_1_26' title='bbox 332 879 491 953; x_wconf 91' lang='lat' dir='ltr'><strong>latebrae,</strong></span> <span class='ocrx_word' id='word_1_27' title='bbox 525 877 729 959; x_wconf 85' lang='lat' dir='ltr'><strong>praesidium</strong></span> <span class='ocrx_word' id='word_1_28' title='bbox 761 877 804 939; x_wconf 89' lang='lat' dir='ltr'><strong>ab</strong></span> <span class='ocrx_word' id='word_1_29' title='bbox 829 879 970 941; x_wconf 89' lang='lat' dir='ltr'><strong>audacia</strong></span> <span class='ocrx_word' id='word_1_30' title='bbox 995 888 1188 943; x_wconf 87' lang='lat' dir='ltr'><strong>mutuatur:</strong></span> <span class='ocrx_word' id='word_1_31' title='bbox 1214 901 1284 944; x_wconf 93' lang='lat' dir='ltr'><strong>non</strong></span> <span class='ocrx_word' id='word_1_32' title='bbox 1308 902 1391 964; x_wconf 89' lang='lat' dir='ltr'><strong>prae·</strong></span> 
     </span>
     <span class='ocr_line' id='line_1_6' title="bbox 204 997 1391 1083; baseline 0.004 -24"><span class='ocrx_word' id='word_1_33' title='bbox 204 998 331 1060; x_wconf 88' lang='lat' dir='ltr'><strong>sectum</strong></span> <span class='ocrx_word' id='word_1_34' title='bbox 351 998 395 1061; x_wconf 92' lang='lat' dir='ltr'><strong>ab</strong></span> <span class='ocrx_word' id='word_1_35' title='bbox 417 997 466 1072; x_wconf 92' lang='lat' dir='ltr'><strong>iis,</strong></span> <span class='ocrx_word' id='word_1_36' title='bbox 487 998 546 1060; x_wconf 91' lang='lat' dir='ltr'><strong>sed</strong></span> <span class='ocrx_word' id='word_1_37' title='bbox 568 997 806 1059; x_wconf 87' lang='lat' dir='ltr'><strong>Germanicum</strong></span> <span class='ocrx_word' id='word_1_38' title='bbox 828 998 960 1073; x_wconf 92' lang='lat' dir='ltr'><strong>ducem,</strong></span> <span class='ocrx_word' id='word_1_39' title='bbox 982 1000 1041 1060; x_wconf 92' lang='lat' dir='ltr'><strong>sed</strong></span> <span class='ocrx_word' id='word_1_40' title='bbox 1062 998 1241 1063; x_wconf 89' lang='lat' dir='ltr'><strong>Tiberium</strong></span> <span class='ocrx_word' id='word_1_41' title='bbox 1259 1003 1391 1083; x_wconf 91' lang='lat' dir='ltr'><strong>impera·</strong></span> 
     </span>
     <span class='ocr_line' id='line_1_7' title="bbox 204 1116 1391 1201; baseline 0 -21"><span class='ocrx_word' id='word_1_42' title='bbox 204 1127 314 1181; x_wconf 90' lang='lat' dir='ltr'><strong>torem</strong></span> <span class='ocrx_word' id='word_1_43' title='bbox 339 1117 467 1180; x_wconf 91' lang='lat' dir='ltr'><strong>violari.</strong></span> <span class='ocrx_word' id='word_1_44' title='bbox 493 1116 599 1181; x_wconf 88' lang='lat' dir='ltr'><strong>Simul</strong></span> <span class='ocrx_word' id='word_1_45' title='bbox 624 1116 802 1192; x_wconf 86' lang='lat' dir='ltr'><strong>exterritis,</strong></span> <span class='ocrx_word' id='word_1_46' title='bbox 823 1117 880 1198; x_wconf 93' lang='lat' dir='ltr'><strong>qui</strong></span> <span class='ocrx_word' id='word_1_47' title='bbox 901 1117 1116 1193; x_wconf 86' lang='lat' dir='ltr'><strong>obstiterant,</strong></span> <span class='ocrx_word' id='word_1_48' title='bbox 1138 1127 1277 1201; x_wconf 89' lang='lat' dir='ltr'><strong>raptum</strong></span> <span class='ocrx_word' id='word_1_49' title='bbox 1298 1120 1391 1182; x_wconf 86' lang='lat' dir='ltr'><strong>vexil-</strong></span> 
     </span>
     <span class='ocr_line' id='line_1_8' title="bbox 204 1235 1389 1321; baseline 0.003 -22"><span class='ocrx_word' id='word_1_50' title='bbox 204 1238 273 1300; x_wconf 91' lang='lat' dir='ltr'><strong>lum</strong></span> <span class='ocrx_word' id='word_1_51' title='bbox 309 1238 352 1299; x_wconf 89' lang='lat' dir='ltr'><strong>ad</strong></span> <span class='ocrx_word' id='word_1_52' title='bbox 389 1237 497 1318; x_wconf 87' lang='lat' dir='ltr'><strong>ripam</strong></span> <span class='ocrx_word' id='word_1_53' title='bbox 534 1235 645 1310; x_wconf 91' lang='lat' dir='ltr'><strong>vertit,</strong></span> <span class='ocrx_word' id='word_1_54' title='bbox 682 1245 717 1298; x_wconf 91' lang='lat' dir='ltr'><strong>et</strong></span> <span class='ocrx_word' id='word_1_55' title='bbox 752 1235 778 1297; x_wconf 92' lang='lat' dir='ltr'><strong>si</strong></span> <span class='ocrx_word' id='word_1_56' title='bbox 815 1237 890 1317; x_wconf 92' lang='lat' dir='ltr'><strong>quis</strong></span> <span class='ocrx_word' id='word_1_57' title='bbox 924 1237 1059 1318; x_wconf 86' lang='lat' dir='ltr'><strong>agmine</strong></span> <span class='ocrx_word' id='word_1_58' title='bbox 1091 1237 1307 1314; x_wconf 86' lang='lat' dir='ltr'><strong>decessisset,</strong></span> <span class='ocrx_word' id='word_1_59' title='bbox 1336 1259 1389 1321; x_wconf 89' lang='lat' dir='ltr'><strong>pro</strong></span> 
     </span>
     <span class='ocr_line' id='line_1_9' title="bbox 205 1354 1390 1430; baseline 0.004 -13"><span class='ocrx_word' id='word_1_60' title='bbox 205 1357 377 1417; x_wconf 90' lang='lat' dir='ltr'><strong>desertore</strong></span> <span class='ocrx_word' id='word_1_61' title='bbox 410 1355 481 1417; x_wconf 88' lang='lat' dir='ltr'><strong>lore</strong></span> <span class='ocrx_word' id='word_1_62' title='bbox 512 1354 699 1430; x_wconf 92' lang='lat' dir='ltr'><strong>clamitans,</strong></span> <span class='ocrx_word' id='word_1_63' title='bbox 732 1356 865 1418; x_wconf 89' lang='lat' dir='ltr'><strong>reduxit</strong></span> <span class='ocrx_word' id='word_1_64' title='bbox 890 1357 923 1418; x_wconf 96' lang='lat' dir='ltr'><strong>in</strong></span> <span class='ocrx_word' id='word_1_65' title='bbox 948 1355 1090 1419; x_wconf 90' lang='lat' dir='ltr'><strong>hiberna</strong></span> <span class='ocrx_word' id='word_1_66' title='bbox 1113 1357 1272 1422; x_wconf 87' lang='lat' dir='ltr'><strong>turbidos</strong></span> <span class='ocrx_word' id='word_1_67' title='bbox 1296 1368 1329 1422; x_wconf 90' lang='lat' dir='ltr'><strong>et</strong></span> <span class='ocrx_word' id='word_1_68' title='bbox 1351 1360 1390 1422; x_wconf 93' lang='lat' dir='ltr'><strong>ni·</strong></span> 
     </span>
     <span class='ocr_line' id='line_1_10' title="bbox 204 1474 405 1538; baseline 0 -1"><span class='ocrx_word' id='word_1_69' title='bbox 204 1475 250 1538; x_wconf 94' lang='lat' dir='ltr'><strong>hil</strong></span> <span class='ocrx_word' id='word_1_70' title='bbox 274 1474 405 1538; x_wconf 89' lang='lat' dir='ltr'><strong>ausos”.</strong></span> 
     </span>
    </p>

    <p class='ocr_par' dir='ltr' id='par_1_5' title="bbox 200 1594 1402 4186">
     <span class='ocr_line' id='line_1_11' title="bbox 250 1594 1390 1680; baseline 0.003 -23"><span class='ocrx_word' id='word_1_71' title='bbox 250 1595 364 1658; x_wconf 88' lang='lat' dir='ltr'><strong>Cuivis</strong></span> <span class='ocrx_word' id='word_1_72' title='bbox 398 1594 574 1657; x_wconf 91' lang='lat' dir='ltr'><strong>hominum</strong></span> <span class='ocrx_word' id='word_1_73' title='bbox 612 1594 819 1658; x_wconf 92' lang='lat' dir='ltr'><strong>multitudini</strong></span> <span class='ocrx_word' id='word_1_74' title='bbox 855 1604 935 1677; x_wconf 90' lang='lat' dir='ltr'><strong>apta</strong></span> <span class='ocrx_word' id='word_1_75' title='bbox 971 1595 1088 1659; x_wconf 80' lang='lat' dir='ltr'><strong>fraude</strong></span> <span class='ocrx_word' id='word_1_76' title='bbox 1123 1598 1293 1680; x_wconf 89' lang='lat' dir='ltr'><strong>impetum</strong></span> <span class='ocrx_word' id='word_1_77' title='bbox 1328 1598 1390 1660; x_wconf 91' lang='lat' dir='ltr'><strong>dari</strong></span> 
     </span>
     <span class='ocr_line' id='line_1_12' title="bbox 205 1714 1391 1797; baseline 0.003 -21"><span class='ocrx_word' id='word_1_78' title='bbox 205 1735 304 1796; x_wconf 91' lang='lat' dir='ltr'><strong>posse</strong></span> <span class='ocrx_word' id='word_1_79' title='bbox 329 1715 495 1790; x_wconf 87' lang='lat' dir='ltr'><strong>novimus,</strong></span> <span class='ocrx_word' id='word_1_80' title='bbox 518 1716 579 1777; x_wconf 91' lang='lat' dir='ltr'><strong>sed</strong></span> <span class='ocrx_word' id='word_1_81' title='bbox 604 1734 690 1797; x_wconf 92' lang='lat' dir='ltr'><strong>opus</strong></span> <span class='ocrx_word' id='word_1_82' title='bbox 714 1724 764 1777; x_wconf 90' lang='lat' dir='ltr'><strong>est</strong></span> <span class='ocrx_word' id='word_1_83' title='bbox 790 1724 825 1778; x_wconf 93' lang='lat' dir='ltr'><strong>ut</strong></span> <span class='ocrx_word' id='word_1_84' title='bbox 846 1716 903 1797; x_wconf 93' lang='lat' dir='ltr'><strong>qui</strong></span> <span class='ocrx_word' id='word_1_85' title='bbox 923 1714 979 1778; x_wconf 90' lang='lat' dir='ltr'><strong>illa</strong></span> <span class='ocrx_word' id='word_1_86' title='bbox 999 1715 1117 1778; x_wconf 87' lang='lat' dir='ltr'><strong>fraude</strong></span> <span class='ocrx_word' id='word_1_87' title='bbox 1138 1725 1256 1780; x_wconf 91' lang='lat' dir='ltr'><strong>utatur</strong></span> <span class='ocrx_word' id='word_1_88' title='bbox 1277 1718 1391 1780; x_wconf 72' lang='lat' dir='ltr'><strong>brevis</strong></span> 
     </span>
     <span class='ocr_line' id='line_1_13' title="bbox 204 1834 1391 1919; baseline 0.003 -23"><span class='ocrx_word' id='word_1_89' title='bbox 204 1835 290 1896; x_wconf 93' lang='lat' dir='ltr'><strong>simo</strong></span> <span class='ocrx_word' id='word_1_90' title='bbox 322 1845 477 1916; x_wconf 89' lang='lat' dir='ltr'><strong>tempore</strong></span> <span class='ocrx_word' id='word_1_91' title='bbox 509 1836 551 1898; x_wconf 93' lang='lat' dir='ltr'><strong>ad</strong></span> <span class='ocrx_word' id='word_1_92' title='bbox 585 1835 806 1919; x_wconf 35' lang='lat' dir='ltr'><strong>propositum·</strong></span> <span class='ocrx_word' id='word_1_93' title='bbox 826 1834 928 1897; x_wconf 89' lang='lat' dir='ltr'><strong>finem</strong></span> <span class='ocrx_word' id='word_1_94' title='bbox 953 1855 1023 1897; x_wconf 87' lang='lat' dir='ltr'><strong>rem</strong></span> <span class='ocrx_word' id='word_1_95' title='bbox 1049 1836 1261 1917; x_wconf 82' lang='lat' dir='ltr'><strong>perduxerit.</strong></span> <span class='ocrx_word' id='word_1_96' title='bbox 1288 1837 1341 1902; x_wconf 85' lang='lat' dir='ltr'><strong>Sic</strong></span> <span class='ocrx_word' id='word_1_97' title='bbox 1363 1847 1391 1899; x_wconf 90' lang='lat' dir='ltr'><strong>et</strong></span> 
     </span>
     <span class='ocr_line' id='line_1_14' title="bbox 204 1954 1391 2037; baseline 0.003 -21"><span class='ocrx_word' id='word_1_98' title='bbox 204 1955 268 2029; x_wconf 90' lang='lat' dir='ltr'><strong>hic,</strong></span> <span class='ocrx_word' id='word_1_99' title='bbox 295 1955 357 2017; x_wconf 88' lang='lat' dir='ltr'><strong>nisi</strong></span> <span class='ocrx_word' id='word_1_100' title='bbox 382 1956 591 2036; x_wconf 89' lang='lat' dir='ltr'><strong>paucissimis</strong></span> <span class='ocrx_word' id='word_1_101' title='bbox 615 1956 706 2017; x_wconf 92' lang='lat' dir='ltr'><strong>horis</strong></span> <span class='ocrx_word' id='word_1_102' title='bbox 728 1956 857 2018; x_wconf 91' lang='lat' dir='ltr'><strong>Ennius</strong></span> <span class='ocrx_word' id='word_1_103' title='bbox 877 1955 993 2037; x_wconf 92' lang='lat' dir='ltr'><strong>copias</strong></span> <span class='ocrx_word' id='word_1_104' title='bbox 1012 1954 1086 2016; x_wconf 87' lang='lat' dir='ltr'><strong>illas</strong></span> <span class='ocrx_word' id='word_1_105' title='bbox 1106 1956 1140 2017; x_wconf 93' lang='lat' dir='ltr'><strong>in</strong></span> <span class='ocrx_word' id='word_1_106' title='bbox 1162 1955 1314 2020; x_wconf 90' lang='lat' dir='ltr'><strong>hibernis</strong></span> <span class='ocrx_word' id='word_1_107' title='bbox 1333 1957 1391 2019; x_wconf 95' lang='lat' dir='ltr'><strong>col·</strong></span> 
     </span>
     <span class='ocr_line' id='line_1_15' title="bbox 203 2074 1391 2159; baseline 0 -22"><span class='ocrx_word' id='word_1_108' title='bbox 203 2075 329 2137; x_wconf 92' lang='lat' dir='ltr'><strong>locavit</strong></span> <span class='ocrx_word' id='word_1_109' title='bbox 361 2074 449 2137; x_wconf 84' lang='lat' dir='ltr'><strong>fraus</strong></span> <span class='ocrx_word' id='word_1_110' title='bbox 479 2074 627 2156; x_wconf 85' lang='lat' dir='ltr'><strong>perpluit</strong></span> <span class='ocrx_word' id='word_1_111' title='bbox 651 2083 685 2137; x_wconf 94' lang='lat' dir='ltr'><strong>et</strong></span> <span class='ocrx_word' id='word_1_112' title='bbox 710 2074 817 2138; x_wconf 92' lang='lat' dir='ltr'><strong>multo</strong></span> <span class='ocrx_word' id='word_1_113' title='bbox 842 2074 948 2137; x_wconf 91' lang='lat' dir='ltr'><strong>maior</strong></span> <span class='ocrx_word' id='word_1_114' title='bbox 971 2075 1141 2137; x_wconf 88' lang='lat' dir='ltr'><strong>discordia</strong></span> <span class='ocrx_word' id='word_1_115' title='bbox 1165 2079 1332 2159; x_wconf 87' lang='lat' dir='ltr'><strong>erumpit:</strong></span> <span class='ocrx_word' id='word_1_116' title='bbox 1356 2077 1391 2138; x_wconf 92' lang='lat' dir='ltr'><strong>de</strong></span> 
     </span>
     <span class='ocr_line' id='line_1_16' title="bbox 203 2194 1392 2276; baseline 0.003 -19"><span class='ocrx_word' id='word_1_117' title='bbox 203 2195 333 2276; x_wconf 85' lang='lat' dir='ltr'><strong>aliquot</strong></span> <span class='ocrx_word' id='word_1_118' title='bbox 357 2196 488 2257; x_wconf 91' lang='lat' dir='ltr'><strong>dierum</strong></span> <span class='ocrx_word' id='word_1_119' title='bbox 513 2195 632 2257; x_wconf 91' lang='lat' dir='ltr'><strong>itinere</strong></span> <span class='ocrx_word' id='word_1_120' title='bbox 657 2194 806 2276; x_wconf 89' lang='lat' dir='ltr'><strong>cogitare</strong></span> <span class='ocrx_word' id='word_1_121' title='bbox 831 2214 883 2256; x_wconf 90' lang='lat' dir='ltr'><strong>res</strong></span> <span class='ocrx_word' id='word_1_122' title='bbox 907 2194 980 2276; x_wconf 92' lang='lat' dir='ltr'><strong>ipsa</strong></span> <span class='ocrx_word' id='word_1_123' title='bbox 1003 2203 1108 2257; x_wconf 90' lang='lat' dir='ltr'><strong>vetat.</strong></span> <span class='ocrx_word' id='word_1_124' title='bbox 1134 2194 1180 2257; x_wconf 89' lang='lat' dir='ltr'><strong>Et</strong></span> <span class='ocrx_word' id='word_1_125' title='bbox 1200 2204 1318 2260; x_wconf 90' lang='lat' dir='ltr'><strong>tamen</strong></span> <span class='ocrx_word' id='word_1_126' title='bbox 1341 2198 1392 2260; x_wconf 95' lang='lat' dir='ltr'><strong>du·</strong></span> 
     </span>
     <span class='ocr_line' id='line_1_17' title="bbox 204 2313 1388 2396; baseline 0.001 -20"><span class='ocrx_word' id='word_1_127' title='bbox 204 2316 297 2377; x_wconf 93' lang='lat' dir='ltr'><strong>bium</strong></span> <span class='ocrx_word' id='word_1_128' title='bbox 329 2335 398 2377; x_wconf 89' lang='lat' dir='ltr'><strong>non</strong></span> <span class='ocrx_word' id='word_1_129' title='bbox 430 2323 482 2376; x_wconf 90' lang='lat' dir='ltr'><strong>est</strong></span> <span class='ocrx_word' id='word_1_130' title='bbox 513 2315 595 2396; x_wconf 90' lang='lat' dir='ltr'><strong>quin</strong></span> <span class='ocrx_word' id='word_1_131' title='bbox 627 2334 704 2376; x_wconf 91' lang='lat' dir='ltr'><strong>cum</strong></span> <span class='ocrx_word' id='word_1_132' title='bbox 735 2313 884 2376; x_wconf 91' lang='lat' dir='ltr'><strong>hibernis</strong></span> <span class='ocrx_word' id='word_1_133' title='bbox 912 2313 965 2376; x_wconf 96' lang='lat' dir='ltr'><strong>hic</strong></span> <span class='ocrx_word' id='word_1_134' title='bbox 998 2313 1096 2375; x_wconf 93' lang='lat' dir='ltr'><strong>nobis</strong></span> <span class='ocrx_word' id='word_1_135' title='bbox 1122 2334 1176 2377; x_wconf 88' lang='lat' dir='ltr'><strong>res</strong></span> <span class='ocrx_word' id='word_1_136' title='bbox 1199 2316 1255 2390; x_wconf 89' lang='lat' dir='ltr'><strong>sit,</strong></span> <span class='ocrx_word' id='word_1_137' title='bbox 1280 2317 1337 2379; x_wconf 91' lang='lat' dir='ltr'><strong>ubi</strong></span> <span class='ocrx_word' id='word_1_138' title='bbox 1359 2324 1388 2377; x_wconf 91' lang='lat' dir='ltr'><strong>et</strong></span> 
     </span>
     <span class='ocr_line' id='line_1_18' title="bbox 203 2432 1392 2515; baseline 0 -20"><span class='ocrx_word' id='word_1_139' title='bbox 203 2435 289 2496; x_wconf 91' lang='lat' dir='ltr'><strong>aliae</strong></span> <span class='ocrx_word' id='word_1_140' title='bbox 313 2435 425 2496; x_wconf 90' lang='lat' dir='ltr'><strong>adsint</strong></span> <span class='ocrx_word' id='word_1_141' title='bbox 450 2434 586 2515; x_wconf 92' lang='lat' dir='ltr'><strong>copiae;</strong></span> <span class='ocrx_word' id='word_1_142' title='bbox 613 2453 691 2496; x_wconf 89' lang='lat' dir='ltr'><strong>nam</strong></span> <span class='ocrx_word' id='word_1_143' title='bbox 715 2432 796 2495; x_wconf 95' lang='lat' dir='ltr'><strong>illud</strong></span> <span class='ocrx_word' id='word_1_144' title='bbox 820 2433 940 2508; x_wconf 90' lang='lat' dir='ltr'><strong>solum,</strong></span> <span class='ocrx_word' id='word_1_145' title='bbox 967 2433 1059 2514; x_wconf 92' lang='lat' dir='ltr'><strong>quod</strong></span> <span class='ocrx_word' id='word_1_146' title='bbox 1084 2441 1163 2496; x_wconf 90' lang='lat' dir='ltr'><strong>sunt</strong></span> <span class='ocrx_word' id='word_1_147' title='bbox 1182 2434 1217 2495; x_wconf 93' lang='lat' dir='ltr'><strong>in</strong></span> <span class='ocrx_word' id='word_1_148' title='bbox 1240 2435 1392 2509; x_wconf 90' lang='lat' dir='ltr'><strong>hibernis,</strong></span> 
     </span>
     <span class='ocr_line' id='line_1_19' title="bbox 204 2551 1393 2634; baseline -0.001 -19"><span class='ocrx_word' id='word_1_149' title='bbox 204 2553 327 2616; x_wconf 90' lang='lat' dir='ltr'><strong>milites</strong></span> <span class='ocrx_word' id='word_1_150' title='bbox 360 2555 402 2615; x_wconf 92' lang='lat' dir='ltr'><strong>ad</strong></span> <span class='ocrx_word' id='word_1_151' title='bbox 435 2553 640 2615; x_wconf 83' lang='lat' dir='ltr'><strong>discordiam</strong></span> <span class='ocrx_word' id='word_1_152' title='bbox 672 2572 860 2634; x_wconf 88' lang='lat' dir='ltr'><strong>propensos</strong></span> <span class='ocrx_word' id='word_1_153' title='bbox 892 2571 971 2627; x_wconf 92' lang='lat' dir='ltr'><strong>non,</strong></span> <span class='ocrx_word' id='word_1_154' title='bbox 1002 2560 1040 2614; x_wconf 89' lang='lat' dir='ltr'><strong>ut</strong></span> <span class='ocrx_word' id='word_1_155' title='bbox 1072 2552 1203 2634; x_wconf 88' lang='lat' dir='ltr'><strong>opinor,</strong></span> <span class='ocrx_word' id='word_1_156' title='bbox 1229 2551 1264 2615; x_wconf 88' lang='lat' dir='ltr'><strong>in</strong></span> <span class='ocrx_word' id='word_1_157' title='bbox 1289 2554 1393 2616; x_wconf 87' lang='lat' dir='ltr'><strong>officio</strong></span> 
     </span>
     <span class='ocr_line' id='line_1_20' title="bbox 203 2670 1396 2755; baseline -0.001 -21"><span class='ocrx_word' id='word_1_158' title='bbox 203 2673 436 2755; x_wconf 91' lang='lat' dir='ltr'><strong>obsequioque</strong></span> <span class='ocrx_word' id='word_1_159' title='bbox 472 2671 618 2733; x_wconf 90' lang='lat' dir='ltr'><strong>retinere</strong></span> <span class='ocrx_word' id='word_1_160' title='bbox 659 2679 782 2752; x_wconf 90' lang='lat' dir='ltr'><strong>potest.</strong></span> <span class='ocrx_word' id='word_1_161' title='bbox 819 2671 901 2733; x_wconf 90' lang='lat' dir='ltr'><strong>Vox</strong></span> <span class='ocrx_word' id='word_1_162' title='bbox 935 2670 1078 2734; x_wconf 89' lang='lat' dir='ltr'><strong>hiberna</strong></span> <span class='ocrx_word' id='word_1_163' title='bbox 1112 2672 1195 2753; x_wconf 93' lang='lat' dir='ltr'><strong>quid</strong></span> <span class='ocrx_word' id='word_1_164' title='bbox 1232 2671 1396 2754; x_wconf 84' lang='lat' dir='ltr'><strong>significet</strong></span> 
     </span>
     <span class='ocr_line' id='line_1_21' title="bbox 202 2789 1396 2872; baseline 0.001 -18"><span class='ocrx_word' id='word_1_165' title='bbox 202 2793 283 2854; x_wconf 91' lang='lat' dir='ltr'><strong>satis</strong></span> <span class='ocrx_word' id='word_1_166' title='bbox 318 2799 475 2854; x_wconf 88' lang='lat' dir='ltr'><strong>accurate</strong></span> <span class='ocrx_word' id='word_1_167' title='bbox 511 2812 543 2872; x_wconf 93' lang='lat' dir='ltr'><strong>p.</strong></span> <span class='ocrx_word' id='word_1_168' title='bbox 578 2791 620 2869; x_wconf 89' lang='lat'><strong>84</strong></span> <span class='ocrx_word' id='word_1_169' title='bbox 643 2811 693 2871; x_wconf 87' lang='lat' dir='ltr'><strong>sq.</strong></span> <span class='ocrx_word' id='word_1_170' title='bbox 731 2789 811 2851; x_wconf 93' lang='lat' dir='ltr'><strong>mihi</strong></span> <span class='ocrx_word' id='word_1_171' title='bbox 842 2792 1093 2853; x_wconf 89' lang='lat' dir='ltr'><strong>demonstrasse</strong></span> <span class='ocrx_word' id='word_1_172' title='bbox 1124 2791 1262 2854; x_wconf 89' lang='lat' dir='ltr'><strong>videor:</strong></span> <span class='ocrx_word' id='word_1_173' title='bbox 1297 2792 1396 2855; x_wconf 89' lang='lat' dir='ltr'><strong>talem</strong></span> 
     </span>
     <span class='ocr_line' id='line_1_22' title="bbox 202 2909 1398 2991; baseline 0 -18"><span class='ocrx_word' id='word_1_174' title='bbox 202 2923 316 2975; x_wconf 91' lang='lat' dir='ltr'><strong>autem</strong></span> <span class='ocrx_word' id='word_1_175' title='bbox 350 2913 468 2974; x_wconf 89' lang='lat' dir='ltr'><strong>urbem</strong></span> <span class='ocrx_word' id='word_1_176' title='bbox 502 2909 680 2972; x_wconf 87' lang='lat' dir='ltr'><strong>militarem</strong></span> <span class='ocrx_word' id='word_1_177' title='bbox 713 2909 918 2991; x_wconf 90' lang='lat' dir='ltr'><strong>praesidium</strong></span> <span class='ocrx_word' id='word_1_178' title='bbox 949 2911 1117 2991; x_wconf 86' lang='lat' dir='ltr'><strong>agitantes</strong></span> <span class='ocrx_word' id='word_1_179' title='bbox 1148 2910 1204 2972; x_wconf 91' lang='lat' dir='ltr'><strong>isti</strong></span> <span class='ocrx_word' id='word_1_180' title='bbox 1235 2910 1398 2973; x_wconf 88' lang='lat' dir='ltr'><strong>vexillarii</strong></span> 
     </span>
     <span class='ocr_line' id='line_1_23' title="bbox 203 3029 1397 3109; baseline -0.001 -17"><span class='ocrx_word' id='word_1_181' title='bbox 203 3052 270 3092; x_wconf 94' lang='lat' dir='ltr'><strong>non</strong></span> <span class='ocrx_word' id='word_1_182' title='bbox 302 3031 503 3104; x_wconf 88' lang='lat' dir='ltr'><strong>habuerunt,</strong></span> <span class='ocrx_word' id='word_1_183' title='bbox 537 3031 579 3092; x_wconf 90' lang='lat' dir='ltr'><strong>ad</strong></span> <span class='ocrx_word' id='word_1_184' title='bbox 614 3029 786 3109; x_wconf 86' lang='lat' dir='ltr'><strong>Visurgim</strong></span> <span class='ocrx_word' id='word_1_185' title='bbox 818 3029 899 3091; x_wconf 91' lang='lat' dir='ltr'><strong>talia</strong></span> <span class='ocrx_word' id='word_1_186' title='bbox 930 3029 1072 3091; x_wconf 90' lang='lat' dir='ltr'><strong>hiberna</strong></span> <span class='ocrx_word' id='word_1_187' title='bbox 1103 3049 1171 3092; x_wconf 92' lang='lat' dir='ltr'><strong>non</strong></span> <span class='ocrx_word' id='word_1_188' title='bbox 1199 3029 1397 3105; x_wconf 83' lang='lat' dir='ltr'><strong>adfuerunt;</strong></span> 
     </span>
     <span class='ocr_line' id='line_1_24' title="bbox 201 3147 1400 3232; baseline 0 -20"><span class='ocrx_word' id='word_1_189' title='bbox 201 3171 282 3232; x_wconf 90' lang='lat' dir='ltr'><strong>ergo</strong></span> <span class='ocrx_word' id='word_1_190' title='bbox 307 3151 379 3231; x_wconf 88' lang='lat' dir='ltr'><strong>ripa</strong></span> <span class='ocrx_word' id='word_1_191' title='bbox 403 3150 469 3225; x_wconf 92' lang='lat' dir='ltr'><strong>illa,</strong></span> <span class='ocrx_word' id='word_1_192' title='bbox 502 3170 570 3231; x_wconf 96' lang='lat' dir='ltr'><strong>quo</strong></span> <span class='ocrx_word' id='word_1_193' title='bbox 596 3147 757 3211; x_wconf 86' lang='lat' dir='ltr'><strong>vexillum</strong></span> <span class='ocrx_word' id='word_1_194' title='bbox 782 3150 883 3210; x_wconf 89' lang='lat' dir='ltr'><strong>vertit</strong></span> <span class='ocrx_word' id='word_1_195' title='bbox 909 3148 1049 3223; x_wconf 79' lang='lat' dir='ltr'><strong>EnniuS,</strong></span> <span class='ocrx_word' id='word_1_196' title='bbox 1074 3167 1143 3211; x_wconf 92' lang='lat' dir='ltr'><strong>non</strong></span> <span class='ocrx_word' id='word_1_197' title='bbox 1167 3148 1326 3231; x_wconf 87' lang='lat' dir='ltr'><strong>Visurgis</strong></span> <span class='ocrx_word' id='word_1_198' title='bbox 1350 3157 1400 3212; x_wconf 83' lang='lat' dir='ltr'><strong>est</strong></span> 
     </span>
     <span class='ocr_line' id='line_1_25' title="bbox 200 3266 1400 3350; baseline 0.003 -20"><span class='ocrx_word' id='word_1_199' title='bbox 200 3270 259 3332; x_wconf 89' lang='lat' dir='ltr'><strong>sed</strong></span> <span class='ocrx_word' id='word_1_200' title='bbox 294 3269 403 3331; x_wconf 90' lang='lat' dir='ltr'><strong>Rheni</strong></span> <span class='ocrx_word' id='word_1_201' title='bbox 437 3269 509 3350; x_wconf 91' lang='lat' dir='ltr'><strong>ripa</strong></span> <span class='ocrx_word' id='word_1_202' title='bbox 541 3276 575 3329; x_wconf 91' lang='lat' dir='ltr'><strong>et</strong></span> <span class='ocrx_word' id='word_1_203' title='bbox 606 3267 747 3330; x_wconf 87' lang='lat' dir='ltr'><strong>hiberna</strong></span> <span class='ocrx_word' id='word_1_204' title='bbox 772 3266 862 3330; x_wconf 92' lang='lat' dir='ltr'><strong>nulla</strong></span> <span class='ocrx_word' id='word_1_205' title='bbox 886 3266 951 3329; x_wconf 89' lang='lat' dir='ltr'><strong>alia</strong></span> <span class='ocrx_word' id='word_1_206' title='bbox 973 3275 1052 3329; x_wconf 90' lang='lat' dir='ltr'><strong>sunt</strong></span> <span class='ocrx_word' id='word_1_207' title='bbox 1076 3286 1179 3349; x_wconf 88' lang='lat' dir='ltr'><strong>quam</strong></span> <span class='ocrx_word' id='word_1_208' title='bbox 1203 3287 1293 3349; x_wconf 91' lang='lat' dir='ltr'><strong>quae</strong></span> <span class='ocrx_word' id='word_1_209' title='bbox 1318 3268 1400 3333; x_wconf 90' lang='lat' dir='ltr'><strong>Ger·</strong></span> 
     </span>
     <span class='ocr_line' id='line_1_26' title="bbox 202 3386 1399 3472; baseline 0.003 -23"><span class='ocrx_word' id='word_1_210' title='bbox 202 3391 333 3450; x_wconf 85' lang='lat' dir='ltr'><strong>maniae</strong></span> <span class='ocrx_word' id='word_1_211' title='bbox 358 3388 549 3470; x_wconf 86' lang='lat' dir='ltr'><strong>legionibus</strong></span> <span class='ocrx_word' id='word_1_212' title='bbox 572 3397 650 3451; x_wconf 88' lang='lat' dir='ltr'><strong>sunt</strong></span> <span class='ocrx_word' id='word_1_213' title='bbox 675 3396 830 3450; x_wconf 90' lang='lat' dir='ltr'><strong>extructa</strong></span> <span class='ocrx_word' id='word_1_214' title='bbox 848 3387 903 3450; x_wconf 87' lang='lat' dir='ltr'><strong>vel</strong></span> <span class='ocrx_word' id='word_1_215' title='bbox 924 3388 956 3450; x_wconf 95' lang='lat' dir='ltr'><strong>in</strong></span> <span class='ocrx_word' id='word_1_216' title='bbox 978 3396 1068 3450; x_wconf 90' lang='lat' dir='ltr'><strong>terra</strong></span> <span class='ocrx_word' id='word_1_217' title='bbox 1090 3386 1259 3451; x_wconf 92' lang='lat' dir='ltr'><strong>Ubiorum</strong></span> <span class='ocrx_word' id='word_1_218' title='bbox 1280 3389 1322 3471; x_wconf 92' lang='lat' dir='ltr'><strong>(c.</strong></span> <span class='ocrx_word' id='word_1_219' title='bbox 1346 3391 1399 3472; x_wconf 80' lang='lat'><strong>36)</strong></span> 
     </span>
     <span class='ocr_line' id='line_1_27' title="bbox 201 3505 1401 3590; baseline 0.003 -22"><span class='ocrx_word' id='word_1_220' title='bbox 201 3507 253 3569; x_wconf 91' lang='lat' dir='ltr'><strong>vel</strong></span> <span class='ocrx_word' id='word_1_221' title='bbox 283 3508 377 3588; x_wconf 83' lang='lat' dir='ltr'><strong>„loco</strong></span> <span class='ocrx_word' id='word_1_222' title='bbox 402 3508 454 3570; x_wconf 92' lang='lat' dir='ltr'><strong>cui</strong></span> <span class='ocrx_word' id='word_1_223' title='bbox 480 3507 609 3570; x_wconf 89' lang='lat' dir='ltr'><strong>Vetera</strong></span> <span class='ocrx_word' id='word_1_224' title='bbox 634 3528 759 3572; x_wconf 93' lang='lat' dir='ltr'><strong>nomen</strong></span> <span class='ocrx_word' id='word_1_225' title='bbox 783 3507 856 3570; x_wconf 88' lang='lat' dir='ltr'><strong>est”</strong></span> <span class='ocrx_word' id='word_1_226' title='bbox 877 3508 917 3590; x_wconf 88' lang='lat' dir='ltr'><strong>(c.</strong></span> <span class='ocrx_word' id='word_1_227' title='bbox 941 3506 1007 3587; x_wconf 84' lang='lat'>45).</span> <span class='ocrx_word' id='word_1_228' title='bbox 1030 3505 1199 3589; x_wconf 88' lang='lat' dir='ltr'><strong>Sequitur,</strong></span> <span class='ocrx_word' id='word_1_229' title='bbox 1221 3528 1275 3570; x_wconf 90' lang='lat' dir='ltr'><strong>res</strong></span> <span class='ocrx_word' id='word_1_230' title='bbox 1296 3510 1401 3573; x_wconf 89' lang='lat' dir='ltr'><strong>tristis</strong></span> 
     </span>
     <span class='ocr_line' id='line_1_28' title="bbox 200 3625 1400 3709; baseline 0.003 -21"><span class='ocrx_word' id='word_1_231' title='bbox 200 3628 259 3689; x_wconf 90' lang='lat' dir='ltr'><strong>sed</strong></span> <span class='ocrx_word' id='word_1_232' title='bbox 285 3648 365 3689; x_wconf 89' lang='lat' dir='ltr'><strong>vera</strong></span> <span class='ocrx_word' id='word_1_233' title='bbox 389 3635 450 3702; x_wconf 88' lang='lat' dir='ltr'><strong>est,</strong></span> <span class='ocrx_word' id='word_1_234' title='bbox 475 3637 511 3690; x_wconf 89' lang='lat' dir='ltr'><strong>ut</strong></span> <span class='ocrx_word' id='word_1_235' title='bbox 537 3625 701 3700; x_wconf 88' lang='lat' dir='ltr'><strong>Chaucos,</strong></span> <span class='ocrx_word' id='word_1_236' title='bbox 727 3627 881 3708; x_wconf 88' lang='lat' dir='ltr'><strong>Visurgis</strong></span> <span class='ocrx_word' id='word_1_237' title='bbox 904 3625 1074 3709; x_wconf 90' lang='lat' dir='ltr'><strong>Albisque</strong></span> <span class='ocrx_word' id='word_1_238' title='bbox 1097 3625 1242 3702; x_wconf 90' lang='lat' dir='ltr'><strong>accolas,</strong></span> <span class='ocrx_word' id='word_1_239' title='bbox 1268 3628 1334 3691; x_wconf 92' lang='lat' dir='ltr'><strong>sibi</strong></span> <span class='ocrx_word' id='word_1_240' title='bbox 1357 3629 1400 3692; x_wconf 89' lang='lat' dir='ltr'><strong>ad</strong></span> 
     </span>
     <span class='ocr_line' id='line_1_29' title="bbox 203 3744 1402 3830; baseline 0.005 -24"><span class='ocrx_word' id='word_1_241' title='bbox 203 3745 361 3807; x_wconf 91' lang='lat' dir='ltr'><strong>Rhenum</strong></span> <span class='ocrx_word' id='word_1_242' title='bbox 399 3747 593 3809; x_wconf 88' lang='lat' dir='ltr'><strong>habitantes</strong></span> <span class='ocrx_word' id='word_1_243' title='bbox 631 3744 766 3808; x_wconf 87' lang='lat' dir='ltr'><strong>finxerit</strong></span> <span class='ocrx_word' id='word_1_244' title='bbox 799 3746 948 3822; x_wconf 79' lang='lat' dir='ltr'><strong>TacituS,</strong></span> <span class='ocrx_word' id='word_1_245' title='bbox 981 3745 1081 3830; x_wconf 90' lang='lat' dir='ltr'><strong>plane</strong></span> <span class='ocrx_word' id='word_1_246' title='bbox 1113 3746 1240 3809; x_wconf 90' lang='lat' dir='ltr'><strong>oblitus</strong></span> <span class='ocrx_word' id='word_1_247' title='bbox 1271 3768 1402 3825; x_wconf 91' lang='lat' dir='ltr'><strong>eorum,</strong></span> 
     </span>
     <span class='ocr_line' id='line_1_30' title="bbox 200 3864 1401 3950; baseline 0.007 -26"><span class='ocrx_word' id='word_1_248' title='bbox 200 3884 287 3944; x_wconf 89' lang='lat' dir='ltr'><strong>quae</strong></span> <span class='ocrx_word' id='word_1_249' title='bbox 312 3873 391 3926; x_wconf 90' lang='lat' dir='ltr'><strong>ante</strong></span> <span class='ocrx_word' id='word_1_250' title='bbox 415 3866 545 3946; x_wconf 92' lang='lat' dir='ltr'><strong>aliquot</strong></span> <span class='ocrx_word' id='word_1_251' title='bbox 569 3886 677 3928; x_wconf 91' lang='lat' dir='ltr'><strong>annos</strong></span> <span class='ocrx_word' id='word_1_252' title='bbox 701 3866 880 3947; x_wconf 87' lang='lat' dir='ltr'><strong>scripserat</strong></span> <span class='ocrx_word' id='word_1_253' title='bbox 902 3865 942 3927; x_wconf 92' lang='lat' dir='ltr'><strong>G.</strong></span> <span class='ocrx_word' id='word_1_254' title='bbox 966 3880 1024 3946; x_wconf 80' lang='lat'><strong>35:</strong></span> <span class='ocrx_word' id='word_1_255' title='bbox 1049 3864 1284 3945; x_wconf 84' lang='lat' dir='ltr'><strong>,Chaucorum</strong></span> <span class='ocrx_word' id='word_1_256' title='bbox 1305 3888 1401 3950; x_wconf 91' lang='lat' dir='ltr'><strong>gens,</strong></span> 
     </span>
     <span class='ocr_line' id='line_1_31' title="bbox 200 3984 1400 4068; baseline 0.008 -25"><span class='ocrx_word' id='word_1_257' title='bbox 200 4003 407 4064; x_wconf 85' lang='lat' dir='ltr'><strong>quamquam</strong></span> <span class='ocrx_word' id='word_1_258' title='bbox 441 3985 581 4066; x_wconf 87' lang='lat' dir='ltr'><strong>incipiat</strong></span> <span class='ocrx_word' id='word_1_259' title='bbox 605 4004 625 4046; x_wconf 90' lang='lat' dir='ltr'><strong>a</strong></span> <span class='ocrx_word' id='word_1_260' title='bbox 650 3984 766 4047; x_wconf 88' lang='lat' dir='ltr'><strong>Frisiis</strong></span> <span class='ocrx_word' id='word_1_261' title='bbox 791 4004 830 4046; x_wconf 91' lang='lat' dir='ltr'><strong>ac</strong></span> <span class='ocrx_word' id='word_1_262' title='bbox 855 3993 987 4065; x_wconf 89' lang='lat' dir='ltr'><strong>partem</strong></span> <span class='ocrx_word' id='word_1_263' title='bbox 1011 3984 1119 4047; x_wconf 87' lang='lat' dir='ltr'><strong>litoris</strong></span> <span class='ocrx_word' id='word_1_264' title='bbox 1142 3995 1302 4068; x_wconf 90' lang='lat' dir='ltr'><strong>occupet,</strong></span> <span class='ocrx_word' id='word_1_265' title='bbox 1327 4009 1400 4052; x_wconf 91' lang='lat' dir='ltr'><strong>om·</strong></span> 
     </span>
     <span class='ocr_line' id='line_1_32' title="bbox 200 4102 1398 4186; baseline 0.008 -23"><span class='ocrx_word' id='word_1_266' title='bbox 200 4103 302 4176; x_wconf 94' lang='lat' dir='ltr'><strong>nium,</strong></span> <span class='ocrx_word' id='word_1_267' title='bbox 335 4124 419 4184; x_wconf 92' lang='lat' dir='ltr'><strong>quas</strong></span> <span class='ocrx_word' id='word_1_268' title='bbox 450 4105 603 4186; x_wconf 92' lang='lat' dir='ltr'><strong>exposui,</strong></span> <span class='ocrx_word' id='word_1_269' title='bbox 627 4103 781 4185; x_wconf 90' lang='lat' dir='ltr'><strong>gentium</strong></span> <span class='ocrx_word' id='word_1_270' title='bbox 805 4102 968 4165; x_wconf 86' lang='lat' dir='ltr'><strong>lateribus</strong></span> <span class='ocrx_word' id='word_1_271' title='bbox 992 4103 1202 4180; x_wconf 88' lang='lat' dir='ltr'><strong>obtenditur,</strong></span> <span class='ocrx_word' id='word_1_272' title='bbox 1227 4107 1340 4171; x_wconf 93' lang='lat' dir='ltr'><strong>donec</strong></span> <span class='ocrx_word' id='word_1_273' title='bbox 1364 4110 1398 4172; x_wconf 90' lang='lat' dir='ltr'><strong>in</strong></span> 
     </span>
    </p>
   </div>
   <div class='ocr_carea' id='block_1_5' title="bbox 237 4357 836 4423">
    <p class='ocr_par' dir='ltr' id='par_1_6' title="bbox 237 4357 836 4423">
     <span class='ocr_line' id='line_1_33' title="bbox 237 4357 836 4423; baseline 0.002 -18"><span class='ocrx_word' id='word_1_274' title='bbox 237 4358 262 4422; x_wconf 82' lang='grc' dir='ltr'><strong>ι)</strong></span> <span class='ocrx_word' id='word_1_275' title='bbox 281 4358 385 4422; x_wconf 88' lang='lat' dir='ltr'><strong>Ecquid</strong></span> <span class='ocrx_word' id='word_1_276' title='bbox 404 4357 544 4407; x_wconf 90' lang='lat' dir='ltr'><strong>delendum</strong></span> <span class='ocrx_word' id='word_1_277' title='bbox 563 4358 631 4407; x_wconf 90' lang='lat' dir='ltr'><strong>istud</strong></span> <span class='ocrx_word' id='word_1_278' title='bbox 650 4363 836 4423; x_wconf 71' lang='lat' dir='ltr'><strong>repertusque?</strong></span> 
     </span>
    </p>
   </div>
   <div class='ocr_carea' id='block_1_6' title="bbox 0 0 1610 5274">
    <p class='ocr_par' dir='ltr' id='par_1_7' title="bbox 0 0 1610 5274">
     <span class='ocr_line' id='line_1_34' title="bbox 0 0 1610 5274; baseline 0 1"><span class='ocrx_word' id='word_1_279' title='bbox 0 0 1610 5274; x_wconf 95' lang='lat' dir='ltr'><strong> </strong></span> 
     </span>
    </p>
   </div>
  </div>
 </body>
</html>
