3210 5274
772 367 817 448 96

199 543 345 616 deretur,
360 553 394 605 et
407 564 472 624 qua
478 546 560 625 fere
571 545 734 607 occasione
745 544 836 612 huuc
848 545 978 627 ceperit
991 545 1175 626 impetum,
1188 544 1255 607 hoc
1267 563 1383 626 quoque

199 663 280 722 satis
303 672 354 723 cst
379 664 605 743 perspicuum,
629 661 709 724 licet
731 662 916 725 absurdum
939 664 984 725 sit
1007 663 1150 727 ardente
1172 664 1269 726 domo
1293 683 1385 743 neque

200 781 311 842 adhuc
346 780 569 861 probabiliter
603 782 834 843 emendatum.
866 780 915 843 At
947 781 1064 843 subito
1095 782 1162 844 ista
1194 782 1386 864 impunitatis

200 902 315 984 cupido
352 920 412 963 nos
444 901 487 962 de
518 900 584 963 alia
615 922 727 964 rerum
758 901 960 964 condicione
991 902 1146 983 cogitare
1179 903 1294 965 iubet:
1323 910 1387 963 aute

202 1020 318 1083 oculos
342 1027 475 1081 nostros
496 1040 584 1082 nunc
604 1029 672 1082 stat
692 1020 824 1102 aliquis,
845 1022 902 1103 qui
924 1029 960 1082 ut
980 1021 1054 1103 ipse
1075 1020 1240 1084 facinoris
1260 1039 1388 1104 poenam

202 1139 351 1221 effugiat,
383 1139 523 1200 conscios
552 1159 628 1201 suos
653 1140 797 1202 indicat:
822 1140 1007 1202 absurdum
1030 1140 1124 1202 enim
1152 1149 1206 1202 est
1230 1140 1390 1203 consilium

203 1258 341 1339 aliquod
374 1256 514 1338 periculi
539 1257 689 1338 plenum,
713 1259 805 1338 quod
832 1257 920 1321 nullo
944 1259 1069 1321 corrsccir
1092 1260 1239 1341 ceperis,
1266 1258 1392 1340 impuni-

204 1378 283 1439 tatis
302 1376 462 1458 cupidine
480 1377 619 1438 missum
637 1376 759 1438 lacere.
778 1377 915 1458 Ergone
928 1376 1070 1439 fortasse
1083 1378 1193 1439 totius
1208 1375 1393 1440 narrationis

205 1496 288 1557 haec
312 1504 363 1556 est
387 1495 573 1557 sententia:
601 1495 687 1574 ,iam
710 1495 818 1558 multo
841 1506 944 1558 antea
968 1496 1096 1558 Flavus
1114 1496 1211 1560 solus
1230 1497 1392 1560 consilium

204 1624 352 1697 ceperat,
378 1615 434 1676 ubi
460 1616 569 1696 prima
593 1616 730 1677 daretur
754 1614 906 1690 facultas,
930 1635 990 1678 sua
1012 1636 1113 1679 manu
1134 1618 1318 1680 occidendi
1338 1616 1392 1678 Ne·

205 1737 295 1797 ronis
320 1736 378 1814 (sic
402 1745 493 1797 certe
518 1735 651 1815 fertur);
676 1736 736 1797 sed
762 1755 797 1796 re
821 1736 1010 1798 accuratius
1034 1737 1210 1816 pensitata
1233 1736 1349 1799 melius
1369 1733 1392 1795 ei

206 1858 315 1918 visum
345 1865 407 1929 est,
432 1876 509 1917 cum
533 1855 615 1929 aliis,
641 1856 667 1918 si
693 1856 789 1918 huius
814 1857 861 1918 rei
886 1856 1024 1917 daretur
1048 1855 1205 1932 facultas,
1230 1856 1392 1919 consilium

207 1976 475 2038 communicare:
504 1976 551 2038 sic
575 1977 667 2038 enim
692 1984 769 2057 post
793 1976 903 2038 socios
927 1975 1033 2039 latere
1057 1996 1093 2038 se
1119 1997 1221 2057 posse
1246 1976 1394 2039 credebat

208 2095 271 2169 vel,
292 2096 318 2156 si
339 2115 391 2157 res
412 2103 532 2157 contra
551 2096 700 2170 caderet,
721 2094 796 2157 illos
817 2096 977 2170 indicare,
998 2096 1147 2176 denique
1168 2096 1285 2178 aliquo
1305 2094 1394 2157 modo

208 2215 271 2276 sibi
297 2235 416 2296 parare
441 2213 716 2296 impunitatem'’?

254 2333 296 2394 A.
328 2333 406 2406 XV,
439 2350 491 2415 71.
524 2333 654 2396 Pisonis
685 2334 785 2396 sociis
815 2334 897 2414 quid
930 2333 1144 2415 deprehensa
1176 2335 1393 2397 coniuratione

208 2452 370 2514 acciderit
395 2461 428 2513 et
453 2451 526 2514 aliis
551 2462 705 2514 narratur
728 2453 841 2515 verbis
865 2462 900 2515 et
924 2453 1034 2516 hisce:

256 2572 305 2650 ,E
329 2572 472 2634 tribunis
496 2571 622 2634 Gavius
647 2571 813 2647 Silvanus
838 2573 994 2654 quamvis
1017 2571 1206 2648 absolutus,
1227 2594 1288 2636 sua
1306 2589 1391 2634 manu

208 2691 348 2766 cecidit;
375 2690 503 2754 Statius
527 2692 704 2754 Proximus
728 2693 874 2767 veniam,
898 2712 1001 2774 quam
1021 2692 1065 2754 ab
1085 2693 1295 2775 imperatore
1314 2709 1392 2754 acce·

211 2820 317 2892 perat,
341 2812 492 2872 vanitate
517 2812 628 2873 exitus
652 2811 836 2893 corrupit''.

258 2929 309 2990 Ne
341 2930 383 2990 de
416 2938 560 3010 utroque
592 2930 664 2992 aliis
696 2930 808 2991 verbis
839 2949 974 3011 prorsus
1005 2930 1097 2993 idem
1121 2940 1325 3006 narraretur,
1346 2925 1397 2991 viri

213 3048 305 3109 docti
339 3050 451 3110 nescio
485 3048 566 3129 quid
599 3049 761 3111 interesse
792 3049 880 3110 inter
903 3048 1030 3112 absolvi
1052 3058 1087 3111 et
1110 3051 1243 3113 ventam
1267 3051 1406 3133 accipere

212 3167 397 3228 commenti
418 3176 506 3228 sunt.
528 3166 577 3228 At
598 3186 662 3248 ego
683 3186 806 3228 censeo
826 3175 939 3230 aetate
960 3169 1191 3250 imperatoria,
1211 3171 1406 3253 praesertim

212 3292 326 3344 autem
358 3284 547 3365 imperante
581 3284 728 3358 Nerone,
760 3284 860 3366 plane
892 3287 1015 3349 eodem
1047 3296 1230 3369 utrumque
1256 3290 1404 3352 rediisse:

213 3422 315 3483 quem
340 3422 407 3463 non
433 3403 505 3483 ipse
530 3403 715 3484 imperator
740 3402 944 3465 incolumem
970 3424 1042 3466 esse
1068 3404 1150 3480 vult,
1170 3407 1214 3468 de
1235 3428 1278 3469 eo
1299 3418 1404 3470 actum

213 3530 273 3581 est.
307 3521 427 3582 Restat
458 3540 539 3601 ergo
571 3529 607 3581 ut
640 3540 707 3582 non
740 3521 831 3582 idem
863 3541 936 3583 esse
968 3530 1156 3585 statuamus
1181 3526 1276 3605 quod
1302 3525 1404 3588 verbis

213 3661 273 3701 sua
305 3660 404 3700 ntonu
436 3640 549 3701 cecidit
575 3647 609 3699 et
633 3639 725 3718 quod
752 3639 863 3700 verbis
887 3641 1035 3704 vanitate
1057 3642 1167 3705 exitus
1191 3643 1405 3724 significatur⁴

215 3758 335 3837 Neque
372 3767 452 3818 tunc
488 3755 686 3818 incredibile
722 3755 849 3837 aliquid
886 3759 1082 3822 statuimus:
1118 3780 1198 3822 nam
1233 3762 1309 3844 ipsa
1345 3783 1405 3824 vos

213 3877 346 3938 vanitas
366 3876 577 3936 demonstrat
598 3895 666 3935 non
688 3875 766 3935 ideo
787 3876 989 3955 reprehendi
1009 3877 1187 3940 Proculum
1209 3881 1315 3960 quod,
1337 3900 1405 3943 cun

216 3996 328 4057 vivere
354 4003 479 4075 posset,
505 3994 588 4054 mori
615 3993 779 4066 maluerit,
802 3995 862 4055 sed
882 3996 974 4074 quod
995 3995 1052 4058 illo
1071 3997 1165 4059 modo
1186 4006 1342 4061 mortuus
1361 4000 1404 4061 sit

216 4116 287 4177 lam
319 4113 373 4175 ille
403 4114 523 4174 modus
547 4114 622 4193 quis
647 4112 746 4175 fuerit
772 4133 832 4174 nos
856 4112 956 4175 latet:
982 4135 1059 4177 cum
1083 4116 1202 4178 ultima
1227 4117 1404 4180 Annaliun

217 4242 312 4314 parte
332 4231 418 4293 illius
437 4232 483 4292 rei
502 4233 649 4292 narratio
668 4231 782 4312 periit;
801 4252 904 4293 unum
917 4231 983 4297 hoc
996 4255 1128 4297 sumere
1141 4235 1221 4298 licet
1235 4237 1404 4300 Proculun

217 4352 259 4411 ad
290 4351 528 4411 ostentandam
553 4349 713 4410 virtutem
737 4349 855 4411 inutile
879 4351 1017 4432 aliquod
1041 4354 1164 4416 adiisse
1189 4356 1387 4436 periculum.
