3292 5280
793 377 858 441 230

229 541 302 634 aliis
338 540 485 604 metallis
521 542 579 604 sed
619 562 740 624 purum
776 551 895 624 putum
925 563 943 604 e
973 552 1063 606 terra
1094 542 1275 625 provenire
1307 560 1425 604 aurum

230 662 486 726 declamabant:

278 802 453 864 „quaeque
494 782 559 845 alia
601 803 733 846 summa
772 784 929 847 facundia
965 803 1027 846 nec
1064 783 1193 846 minore
1229 781 1425 847 adulatione

230 903 414 985 fingebant,
440 904 548 966 securi
575 905 618 966 de
643 903 805 967 facilitate
829 903 1030 967 credentis.”
1108 896 1114 905 ’

276 1023 341 1085 Hic
362 1044 397 1085 se
420 1023 629 1105 magistellus
649 1023 824 1086 continere
845 1043 913 1085 non
934 1023 1045 1105 potuit
1058 1023 1139 1104 quin
1153 1021 1426 1105 indignationem

230 1162 325 1204 suam
356 1143 390 1205 in
415 1143 566 1223 margine
589 1143 787 1205 annotando
816 1141 989 1222 „servilia”
1012 1141 1229 1224 significaret.
1267 1142 1313 1205 Et
1337 1163 1426 1206 nunc

231 1262 264 1324 in
294 1270 390 1324 textu
415 1260 555 1345 legitur:
583 1282 757 1344 „quaeque
782 1261 847 1325 alia
869 1281 1001 1325 summa
1025 1261 1182 1326 facundia
1207 1283 1270 1326 nec
1295 1264 1427 1327 minore

231 1381 427 1443 adulatione
470 1381 604 1443 servilia
640 1380 854 1462 fingebant'’!
903 1380 971 1446 Sed
1006 1383 1212 1464 quicumque
1247 1382 1426 1445 Taciteam

231 1502 421 1564 orationem
455 1501 562 1584 probe
594 1510 710 1564 notam
743 1501 847 1563 habet
877 1509 1048 1582 amatque,
1082 1520 1126 1562 ex
1154 1501 1341 1583 exemplari
1364 1521 1426 1563 suo

232 1620 463 1702 importunum
486 1619 575 1683 istud
600 1619 738 1683 servilia
762 1619 889 1682 eradet.

278 1740 321 1802 A.
347 1739 442 1815 XVI,
467 1741 498 1802 6.
525 1740 577 1802 De
603 1739 718 1803 funere
743 1740 924 1822 Poppaeae
948 1749 983 1803 et
1006 1738 1072 1802 alia
1096 1748 1130 1802 et
1154 1739 1239 1802 hacc
1262 1738 1424 1821 legimus:

281 1859 432 1941 „Corpus
463 1879 531 1922 non
555 1859 624 1940 igni
648 1859 826 1934 abolitum,
851 1868 889 1922 ut
913 1859 1087 1922 Romanus
1112 1878 1195 1933 mos,
1221 1859 1280 1921 sed
1306 1879 1424 1941 regum

233 1988 450 2042 externorum
475 1979 719 2041 consuetudine
744 1978 915 2041 differtum
939 1978 1102 2041 odoribus
1125 1978 1295 2053 conditur,
1315 1987 1424 2041 tumu-

233 2098 333 2181 loque
360 2098 519 2161 luliorum
543 2096 716 2161 infertur.”

280 2219 346 2282 Hic
381 2218 544 2300 Agricola
579 2238 641 2300 pro
675 2218 844 2281 Romanus
879 2217 962 2298 legit
996 2216 1169 2291 Romanis,
1204 2217 1297 2298 quod
1333 2225 1423 2279 certe

235 2338 383 2401 colorem
409 2338 516 2419 magis
541 2337 700 2399 Latinum
725 2337 899 2419 magisque
923 2336 1100 2399 Taciteum
1121 2335 1237 2399 habet.
1261 2334 1331 2400 Sed
1352 2336 1426 2418 quis

234 2458 352 2520 credat
387 2458 560 2520 hominem
593 2456 786 2519 Romanum
818 2455 1016 2538 aequalibus
1047 2455 1252 2518 scribentem
1286 2455 1425 2518 omnino

234 2577 397 2641 adiecisse
422 2576 549 2658 aliquid
574 2575 674 2659 quale
697 2584 749 2638 est
773 2575 862 2638 istud
887 2588 925 2639 ut
945 2575 1106 2639 Romanis
1125 2573 1214 2639 mos?
1238 2575 1324 2639 Cum
1347 2595 1427 2638 vero

236 2697 399 2759 traditum
424 2703 535 2758 exstet
559 2697 737 2771 Romanus,
762 2696 877 2758 statim
902 2695 1126 2777 magistellum
1147 2696 1373 2777 agnoscimus,
1394 2703 1428 2758 et

235 2837 312 2880 eum
337 2817 474 2898 quidem
501 2815 736 2897 magistellum,
761 2815 855 2878 cuius
880 2835 998 2898 parum
1019 2822 1177 2878 accurata
1196 2815 1240 2877 sit
1261 2814 1427 2878 doctrina.

236 2938 315 3000 Non
346 2937 436 2999 enim
468 2944 621 2998 vetustus
653 2942 704 2998 est
737 2936 827 3017 apud
857 2935 1031 2998 Romanos
1055 2953 1129 2997 mos
1152 2953 1334 3016 corporum
1360 2954 1428 2997 cre·

236 3056 447 3118 mandorum.

280 3174 324 3236 A.
351 3173 446 3247 XVI,
478 3189 526 3236 10.
553 3173 592 3234 L.
620 3172 730 3235 Vetus
755 3172 787 3235 in
809 3173 993 3236 Formiano
1005 3193 1067 3236 suo
1079 3172 1427 3248 custodia,aNerone

237 3293 385 3355 immissa
408 3292 653 3354 circumdatur:

284 3411 420 3490 „aderat
444 3410 520 3485 filia,
545 3430 646 3492 super
671 3411 828 3492 ingruens
849 3411 1035 3494 periculum
1054 3411 1158 3494 longo
1178 3410 1297 3474 dolore
1316 3421 1426 3488 atrox,

237 3551 280 3593 ex
313 3550 381 3612 quo
413 3550 630 3613 percussores
656 3530 775 3607 Plauti,
800 3533 911 3594 mariti
935 3533 984 3595 sui
1008 3533 1140 3595 viderat
1149 3559 1158 3608 ;
1183 3542 1428 3616 cruentamque

236 3651 405 3713 cervicem
426 3649 497 3711 eius
518 3650 680 3732 amplexa
693 3652 851 3714 servabat
862 3653 1055 3736 sangninem
1067 3664 1100 3717 et
1109 3663 1213 3716 vestes
1225 3652 1430 3737 respersas.”

282 3768 337 3833 Sic
362 3778 413 3831 est
438 3769 471 3831 in
496 3769 615 3832 codice
640 3779 674 3833 et
697 3771 744 3833 sic
769 3771 969 3854 plerumque
993 3773 1188 3835 etiamnunc
1213 3771 1336 3835 editur.
1362 3771 1430 3837 Sed

238 3890 436 3953 iamdudum
466 3890 548 3972 quid
572 3889 683 3953 Taciti
709 3891 790 3972 quid
815 3892 1066 3974 interpolatoris
1089 3893 1132 3955 sit
1156 3901 1301 3956 constat.
1339 3893 1431 3956 Illius

238 4011 327 4071 enim
369 4029 508 4072 manum
545 4010 695 4073 restituit
731 4009 892 4073 Heinsius
926 4011 1089 4094 legendo:
1131 4012 1294 4094 sangnine
1327 4024 1432 4077 vestes

237 4139 417 4211 respersas.

281 4247 325 4310 A.
359 4247 454 4322 XVI,
486 4265 534 4330 17.
560 4249 690 4310 Lucani
715 4255 822 4330 pater,
848 4247 1012 4312 Annaeus
1037 4247 1138 4324 Mela,
1163 4248 1214 4312 vir
1237 4251 1427 4334 praedives,

237 4375 411 4447 tamquam
437 4367 592 4434 conscius
616 4367 857 4432 coniurationis
881 4376 1074 4433 accusatur:
