3292 5280
810 376 853 454 84

281 551 372 631 „Nec
406 552 527 615 referre
559 553 732 637 Othonem
763 574 805 616 an
839 553 1015 616 Vitellium
1046 553 1267 634 superstitem
1294 553 1427 616 fortuna

233 670 369 733 faceret.
408 672 521 734 Rebus
555 674 712 735 secundis
747 674 849 735 etiam
886 672 1040 753 egregios
1070 672 1175 734 duces
1205 671 1426 735 insolescere:

233 792 436 854 discordiam
460 791 521 866 his,
547 793 726 872 ignaviam,
752 791 933 867 luxuriem;
956 799 991 852 et
1010 791 1150 853 suismet
1170 790 1264 853 vitiis
1282 791 1424 854 alterum

232 910 323 972 bello
347 910 490 972 alterum
516 911 657 971 victoria
681 908 900 991 periturum”.

277 1029 444 1093 Sollicitat
476 1028 559 1090 haec
593 1028 785 1109 Madvigius
816 1035 868 1089 et:
905 1028 1093 1107 „discordia
1121 1028 1267 1091 militum
1293 1031 1425 1111 ignavia

231 1149 361 1211 luxurie
393 1157 427 1209 et
451 1147 590 1210 suismet
615 1147 704 1209 vitiis
729 1167 758 1208 e.
782 1166 816 1227 q.
839 1146 889 1208 s.’'
913 1147 1084 1229 proponit.
1110 1145 1178 1210 Sed
1202 1146 1422 1211 leviusculum

232 1269 365 1330 videtur
396 1275 643 1348 argumentum,
675 1286 743 1347 quo
775 1286 895 1329 vocem
926 1267 980 1330 his
1002 1276 1189 1349 oppugnat,
1213 1287 1319 1349 quam
1344 1272 1422 1332 dum

231 1396 349 1460 mutat,
382 1387 471 1449 tollit
502 1386 708 1448 luculentam
741 1386 828 1448 hanc
859 1386 1130 1469 oppositionem:
1152 1390 1308 1470 egregios
1329 1390 1423 1452 duces

230 1506 349 1580 ethis,
375 1506 604 1587 militibusque
629 1526 669 1567 ea
693 1505 834 1587 praebet
858 1505 950 1578 vitia,
974 1524 1061 1586 quae
1085 1514 1262 1586 tamquam
1288 1509 1422 1590 propria

229 1623 376 1688 Othonis
407 1625 604 1707 Vitelliique
636 1625 827 1706 legentibus
858 1624 987 1687 dudum
1019 1632 1101 1687 nota
1132 1634 1221 1688 sunt.
1256 1627 1421 1709 Denique,

229 1747 320 1825 quod
352 1745 597 1826 gravissimum,
623 1764 738 1806 veram
765 1744 856 1805 vocis
878 1744 1046 1807 discordia
1071 1745 1141 1806 vim
1164 1764 1233 1807 non
1258 1749 1422 1828 agnoscit.

229 1864 501 1944 Perstringuntur
525 1861 618 1925 Otho
644 1861 869 1944 Vitelliusque
893 1870 1069 1944 tamquam
1085 1864 1195 1946 pravi
1212 1865 1346 1940 milites,
1367 1869 1423 1949 qui

228 1993 346 2046 contra
366 1982 554 2063 legitimum
576 1983 698 2044 ducem
716 2000 810 2043 arma
827 1981 1041 2063 sumpserint.
1061 1980 1117 2044 Sic
1136 1983 1227 2046 enim
1246 1984 1423 2049 Mucianus

227 2111 262 2165 et
290 2102 529 2183 Vespasianus,
555 2102 615 2164 viri
641 2100 812 2175 militares,
837 2101 1093 2164 ratiocinantur:
1122 2104 1200 2184 „qui
1224 2124 1344 2186 parere
1368 2128 1422 2170 ne·

226 2223 336 2283 sciunt
371 2241 438 2283 non
474 2220 531 2283 diu
568 2219 816 2302 imperabunt”.
850 2220 1062 2302 Egregieque
1094 2220 1185 2284 illam
1216 2227 1421 2289 sententiam

227 2341 405 2403 confirmat
426 2342 528 2423 ipsius
549 2340 659 2402 Taciti
681 2341 723 2402 de
742 2339 908 2403 Caecinae
925 2340 1088 2403 militibus
1099 2342 1280 2407 iudicium:
1297 2366 1420 2427 „quan-

227 2470 368 2542 tumque
399 2460 503 2522 hebes
528 2461 570 2523 ad
600 2460 834 2521 sustinendum
858 2458 1009 2521 laborem
1034 2460 1139 2535 miles,
1165 2470 1263 2525 tanto
1287 2465 1336 2527 ad
1355 2466 1419 2528 dir·

225 2584 357 2646 cardias
381 2579 604 2664 promptior’'.

270 2702 427 2783 Denique
451 2701 505 2763 hic
530 2720 652 2763 moneo
677 2700 811 2781 egregie
836 2720 856 2762 a
880 2700 1072 2776 Furneaux,
1097 2709 1141 2776 et,
1162 2703 1225 2764 nisi
1247 2702 1355 2780 fallor,
1376 2707 1418 2768 ab

224 2821 281 2883 illo
315 2822 434 2903 primo,
467 2820 587 2881 horum
618 2819 809 2893 verborum,
834 2838 921 2900 quae
945 2818 1114 2900 peculiare
1137 2820 1266 2902 aliquid
1292 2823 1419 2887 habent

224 2948 258 3002 et
282 2939 444 3002 orationis
469 2937 629 2999 Taciteae
650 2937 799 2999 indolem
824 2938 949 3000 diserte
973 2938 1132 3020 produnt,
1158 2940 1226 3002 vim
1250 2962 1325 3005 esse
1349 2943 1419 3006 illu·

223 3068 381 3120 stratam:
415 3056 459 3118 A.
492 3056 553 3129 III,
586 3072 628 3138 29
655 3078 694 3119 oc
717 3068 843 3135 tamem
869 3057 913 3120 A.
938 3057 998 3133 lll,
1024 3059 1068 3141 69
1090 3059 1266 3124 ambitione
1288 3063 1417 3141 aliena,-

222 3175 267 3238 A.
300 3175 362 3250 IV,
399 3192 432 3236 11
467 3173 605 3255 alioqui;
630 3174 674 3237 A.
700 3175 760 3250 IV,
789 3193 824 3255 31
852 3196 924 3239 cum
947 3189 1140 3258 αγαγών,-
1164 3178 1209 3241 Α.
1235 3179 1297 3257 VI,
1322 3200 1340 3262 3
1366 3203 1416 3265 sq.

215 3306 371 3377 prorsus.
