3210 5274
735 389 799 457 247

214 550 258 614 A.
285 550 365 626 XII,
389 552 443 630 64.
469 551 632 615 Portenta
655 561 691 616 et
714 553 779 616 alia
803 553 991 617 reseruntur
1015 563 1050 617 et
1074 554 1155 617 hoc:

217 670 313 750 ,Suis
336 671 425 735 setus
449 672 570 747 editus,
596 673 649 736 cui
673 674 873 756 accipitrum
896 694 1025 756 ungues
1049 672 1230 736 inessent.”

210 789 246 855 Si
281 811 335 853 me
366 791 474 866 audis,
507 793 680 876 accipitris
704 793 805 875 leges
833 794 888 856 An
913 813 981 856 non
1005 794 1086 857 satis
1110 792 1293 855 absurdum
1318 792 1373 883 vig

165 912 268 975 detur
291 920 502 994 portentum,
526 912 589 975 nisi
613 922 672 975 aut
696 915 739 976 de
764 913 916 996 pluribus
939 914 1096 996 porcellis
1120 923 1281 988 narretur,
1307 922 1365 976 aut

166 1031 212 1094 de
237 1050 306 1093 uno
329 1031 491 1114 porcello,
516 1033 575 1114 qui
598 1032 729 1114 aliquot
753 1033 952 1115 accipitrum
976 1032 1133 1096 habuerit
1158 1030 1306 1114 ungues?

213 1268 258 1332 A.
285 1269 364 1346 XII,
387 1270 441 1333 66
467 1269 612 1333 Veneno
637 1272 680 1334 de
701 1271 815 1334 medio
835 1271 954 1335 tollere
975 1270 1152 1335 Claudium
1174 1269 1366 1354 Agrippina

167 1390 340 1454 decernitz

219 1509 409 1591 ,Deligitur
432 1509 556 1572 artifex
578 1509 697 1572 talium
719 1509 885 1572 vocabulo
905 1511 1064 1584 Locusta,
1086 1531 1193 1592 nuper
1211 1510 1366 1574 veneficii

169 1630 334 1693 damnata
358 1637 394 1691 et
416 1628 475 1692 diu
500 1629 588 1691 inter
611 1629 835 1692 instrumenta
859 1630 953 1710 regni
978 1629 1127 1691 habita.”

215 1747 346 1811 Verum
378 1755 430 1811 est
464 1748 649 1811 Locustam
682 1748 760 1810 huic
782 1747 899 1811 sceleri
925 1749 981 1810 diu
1007 1747 1106 1811 luisse
1130 1749 1364 1831 superstitem:

169 1866 301 1931 Galbae
322 1867 414 1930 enirn
435 1868 648 1950 imperatoris
668 1869 763 1951 iussu
779 1886 907 1949 poenas
919 1867 1025 1929 dedit.
1047 1867 1114 1931 Sed
1129 1870 1204 1949 quis
1217 1889 1365 1950 unquam

169 1987 304 2051 audivit
336 1987 502 2049 adverbio
531 1987 589 2051 diu
621 2007 699 2049 cum
722 1987 902 2069 participio
926 1986 1066 2069 perfecti
1092 1989 1207 2051 iuncto
1231 1998 1367 2072 tempus

167 2114 351 2170 venturum
377 2105 567 2188 designari?
587 2142 630 2152 -
652 2107 788 2188 Ergone
812 2105 866 2168 hic
891 2108 1110 2188 praeteritum
1135 2116 1271 2190 tempus
1294 2129 1366 2172 ver·

168 2227 223 2290 bis
257 2226 335 2307 ,diu
367 2227 457 2289 inter
487 2227 711 2289 instrumenta
744 2227 836 2307 regni
867 2224 1006 2289 habita”
1037 2226 1265 2308 significatur?
1290 2227 1367 2291 Hoc

169 2346 393 2430 pertinaciter
412 2364 518 2426 nego:
543 2357 648 2428 nuper
668 2345 758 2408 enim
780 2345 934 2408 veneficii
955 2346 1117 2408 damnata
1135 2355 1186 2409 est
1207 2347 1365 2422 Locusta,

168 2475 276 2548 atque
300 2466 376 2546 ipso
399 2464 550 2540 demum,
575 2473 612 2527 ut
635 2465 767 2546 opinor,
791 2464 915 2527 iudicio
940 2467 1049 2547 patuit
1074 2486 1175 2547 quarn
1201 2476 1290 2530 esset
1311 2488 1367 2530 ne-

171 2584 276 2648 fariae
307 2585 389 2647 artis
421 2584 531 2666 perita
562 2583 627 2647 illa.
660 2583 737 2646 Hoc
769 2604 850 2665 ergo
882 2593 1051 2647 narratum
1077 2605 1150 2648 esse
1173 2588 1368 2668 suspicora

170 2703 311 2768 Tacito:
332 2705 443 2786 ipsam
463 2703 718 2767 damnationem
739 2703 828 2766 hunc
848 2703 1004 2767 habuisse
1017 2704 1176 2768 effectum
1189 2715 1227 2768 ut
1239 2706 1368 2770 aulicae

170 2822 345 2887 veneficae
370 2843 492 2886 munus
517 2823 685 2885 Locustae
706 2823 933 2885 mandaretur.
958 2823 1069 2897 Certe,
1091 2824 1148 2887 ubi
1168 2826 1367 2889 damnatum

154 2940 320 3024 'aliquem
349 2942 487 3024 capitali
512 2943 652 3005 crimine
676 2940 828 3024 legimus,
854 2942 936 3024 quid
960 2943 1085 3006 deinde
1110 2965 1151 3006 eo
1176 2944 1302 3009 iactum
1326 2948 1369 3010 sit

171 3083 379 3145 cognoscere
401 3064 472 3125 iure
485 3071 602 3125 nostro
615 3064 794 3145 poscimus.
815 3061 916 3144 Quod
931 3063 984 3126 hic
998 3065 1218 3129 desideratur.
1240 3067 1368 3131 Ordine

169 3191 246 3246 tota
277 3182 442 3264 procedet
467 3182 626 3256 narrati0,
650 3182 677 3244 si
701 3202 763 3264 pro
786 3183 844 3244 diu
868 3181 1020 3264 legemus
1044 3185 1127 3258 inde,
1152 3184 1287 3249 aliudve
1311 3189 1369 3250 ad·

169 3301 328 3365 verbium
352 3320 490 3364 causam
514 3300 748 3382 originemque
771 3300 974 3382 significans.

217 3540 262 3604 A.
288 3539 385 3613 XIII,
416 3557 443 3601 1.
468 3539 560 3601 Inter
584 3558 702 3601 causas
721 3558 780 3600 cur
801 3537 898 3600 Iunio
917 3536 1033 3602 Silano
1055 3560 1173 3605 necem
1196 3545 1371 3610 moliretur

172 3659 368 3743 Agrippina
392 3667 464 3720 erat
487 3667 523 3719 et

222 3779 363 3859 ,crebra
393 3777 486 3859 vulgi
510 3776 600 3839 sama
622 3777 902 3858 anteponendum
927 3798 999 3840 esse
1025 3781 1165 3845 vixdum
1192 3787 1371 3868 pueritiam

172 3919 310 3982 egresso
342 3898 470 3960 Neroni
496 3907 530 3959 et
553 3898 732 3979 imperium
757 3918 817 3978 per
840 3897 949 3959 scelus
972 3903 1101 3983 adepto
1127 3906 1235 3969 virum
1259 3919 1373 3973 aetate

173 4017 376 4101 composita,
410 4015 591 4088 insontem,
623 4014 784 4088 nobilem,
816 4024 851 4078 et
881 4020 974 4098 quod
999 4030 1081 4084 tunc
1107 4036 1372 4106 spectaretur‚e

173 4139 329 4203 Caesaris
352 4133 533 4218 posteris.”

222 4258 351 4340 Ipsum,
383 4263 420 4318 ut
444 4255 577 4336 opinor,
602 4253 730 4334 vulgus,
755 4253 847 4335 quod
873 4254 1020 4320 Neronis
1043 4272 1201 4346 tempore
1226 4267 1375 4341 vivebat,

173 4379 258 4440 scire
284 4375 449 4457 nequibat
474 4373 657 4454 aliquando
681 4371 827 4434 futurum
852 4384 998 4457 tempus,
1024 4384 1146 4461 quoin
1169 4386 1374 4467 impe-ratem·
