<?xml version="1.0" encoding="UTF-8"?>
<!DOCTYPE html PUBLIC "-//W3C//DTD XHTML 1.0 Transitional//EN"
    "http://www.w3.org/TR/xhtml1/DTD/xhtml1-transitional.dtd">
<html xmlns="http://www.w3.org/1999/xhtml" xml:lang="en" lang="en">
 <head>
  <title>
</title>
<meta http-equiv="Content-Type" content="text/html;charset=utf-8" />
  <meta name='ocr-system' content='tesseract 3.04.00' />
  <meta name='ocr-capabilities' content='ocr_page ocr_carea ocr_par ocr_line ocrx_word'/>
</head>
<body>
  <div class='ocr_page' id='page_1' title='image "./analectatacitea00hartgoog_0071.png"; bbox 0 0 3292 5280; ppageno 0'>
   <div class='ocr_carea' id='block_1_1' title="bbox 797 366 842 429">
    <p class='ocr_par' dir='ltr' id='par_1_1' title="bbox 797 366 842 429">
     <span class='ocr_line' id='line_1_1' title="bbox 797 366 842 429; baseline 0 0"><span class='ocrx_word' id='word_1_1' title='bbox 797 366 842 429; x_wconf 92' lang='lat'>60</span> 
     </span>
    </p>
   </div>
   <div class='ocr_carea' id='block_1_2' title="bbox 221 542 1429 3014">
    <p class='ocr_par' dir='ltr' id='par_1_2' title="bbox 224 542 1429 864">
     <span class='ocr_line' id='line_1_2' title="bbox 225 542 1428 626; baseline -0.001 -19"><span class='ocrx_word' id='word_1_2' title='bbox 225 544 345 626; x_wconf 89' lang='lat' dir='ltr'>spicari</span> <span class='ocrx_word' id='word_1_3' title='bbox 378 545 543 626; x_wconf 90' lang='lat' dir='ltr'>potuisset</span> <span class='ocrx_word' id='word_1_4' title='bbox 575 545 737 625; x_wconf 91' lang='lat' dir='ltr'>permissu</span> <span class='ocrx_word' id='word_1_5' title='bbox 771 546 904 608; x_wconf 92' lang='lat' dir='ltr'>iussuve</span> <span class='ocrx_word' id='word_1_6' title='bbox 931 542 1062 606; x_wconf 87' lang='lat' dir='ltr'>Claudii</span> <span class='ocrx_word' id='word_1_7' title='bbox 1086 561 1233 604; x_wconf 86' lang='lat' dir='ltr'>uxorem</span> <span class='ocrx_word' id='word_1_8' title='bbox 1258 562 1363 605; x_wconf 89' lang='lat' dir='ltr'>suam</span> <span class='ocrx_word' id='word_1_9' title='bbox 1387 545 1428 606; x_wconf 89' lang='lat' dir='ltr'>ad</span> 
     </span>
     <span class='ocr_line' id='line_1_3' title="bbox 224 662 1429 747; baseline -0.002 -21"><span class='ocrx_word' id='word_1_10' title='bbox 224 672 368 726; x_wconf 85' lang='lat' dir='ltr'>mortem</span> <span class='ocrx_word' id='word_1_11' title='bbox 390 663 611 744; x_wconf 88' lang='lat' dir='ltr'>compulsam,</span> <span class='ocrx_word' id='word_1_12' title='bbox 632 664 735 727; x_wconf 92' lang='lat' dir='ltr'>homo</span> <span class='ocrx_word' id='word_1_13' title='bbox 756 665 900 747; x_wconf 88' lang='lat' dir='ltr'>pavidus</span> <span class='ocrx_word' id='word_1_14' title='bbox 912 665 1122 746; x_wconf 81' lang='lat' dir='ltr'>ignavosque</span> <span class='ocrx_word' id='word_1_15' title='bbox 1138 681 1296 744; x_wconf 89' lang='lat' dir='ltr'>,poenas</span> <span class='ocrx_word' id='word_1_16' title='bbox 1311 662 1429 735; x_wconf 88' lang='lat' dir='ltr'>dedit’&#39;</span> 
     </span>
     <span class='ocr_line' id='line_1_4' title="bbox 224 783 884 864; baseline 0.002 -20"><span class='ocrx_word' id='word_1_17' title='bbox 224 783 277 844; x_wconf 88' lang='lat' dir='ltr'>vel</span> <span class='ocrx_word' id='word_1_18' title='bbox 301 783 428 864; x_wconf 91' lang='lat' dir='ltr'>aliquid</span> <span class='ocrx_word' id='word_1_19' title='bbox 454 784 619 845; x_wconf 91' lang='lat' dir='ltr'>eiusmodi</span> <span class='ocrx_word' id='word_1_20' title='bbox 644 785 884 864; x_wconf 90' lang='lat' dir='ltr'><strong>respondisset.</strong></span> 
     </span>
    </p>

    <p class='ocr_par' dir='ltr' id='par_1_3' title="bbox 225 902 1429 1342">
     <span class='ocr_line' id='line_1_5' title="bbox 269 902 1429 984; baseline 0.003 -20"><span class='ocrx_word' id='word_1_21' title='bbox 269 903 312 964; x_wconf 84' lang='lat' dir='ltr'>A.</span> <span class='ocrx_word' id='word_1_22' title='bbox 340 902 399 976; x_wconf 90' lang='lat' dir='ltr'>XI,</span> <span class='ocrx_word' id='word_1_23' title='bbox 423 922 455 984; x_wconf 87' lang='lat'>9.</span> <span class='ocrx_word' id='word_1_24' title='bbox 480 903 545 983; x_wconf 84' lang='lat' dir='ltr'>(De</span> <span class='ocrx_word' id='word_1_25' title='bbox 575 902 776 965; x_wconf 87' lang='lat' dir='ltr'>Parthorum</span> <span class='ocrx_word' id='word_1_26' title='bbox 801 902 944 984; x_wconf 88' lang='lat' dir='ltr'>imperio</span> <span class='ocrx_word' id='word_1_27' title='bbox 968 909 1140 964; x_wconf 88' lang='lat' dir='ltr'>certamen</span> <span class='ocrx_word' id='word_1_28' title='bbox 1164 909 1219 964; x_wconf 92' lang='lat' dir='ltr'>est</span> <span class='ocrx_word' id='word_1_29' title='bbox 1244 902 1341 965; x_wconf 90' lang='lat' dir='ltr'>inter</span> <span class='ocrx_word' id='word_1_30' title='bbox 1365 903 1429 967; x_wconf 89' lang='lat' dir='ltr'>Go-</span> 
     </span>
     <span class='ocr_line' id='line_1_6' title="bbox 225 1019 1428 1103; baseline 0.002 -20"><span class='ocrx_word' id='word_1_31' title='bbox 225 1030 363 1095; x_wconf 88' lang='lat' dir='ltr'>tarzem,</span> <span class='ocrx_word' id='word_1_32' title='bbox 399 1042 513 1103; x_wconf 88' lang='lat' dir='ltr'>regem</span> <span class='ocrx_word' id='word_1_33' title='bbox 550 1021 828 1095; x_wconf 90' lang='lat' dir='ltr'>crudelissimum,</span> <span class='ocrx_word' id='word_1_34' title='bbox 860 1031 894 1083; x_wconf 94' lang='lat' dir='ltr'>et</span> <span class='ocrx_word' id='word_1_35' title='bbox 927 1021 1134 1094; x_wconf 87' lang='lat' dir='ltr'>Vardanem,</span> <span class='ocrx_word' id='word_1_36' title='bbox 1166 1019 1314 1084; x_wconf 85' lang='lat' dir='ltr'>fratrem</span> <span class='ocrx_word' id='word_1_37' title='bbox 1350 1024 1428 1097; x_wconf 73' lang='lat' dir='ltr'>eiuS,</span> 
     </span>
     <span class='ocr_line' id='line_1_7' title="bbox 226 1140 1428 1222; baseline 0.002 -20"><span class='ocrx_word' id='word_1_38' title='bbox 226 1162 327 1222; x_wconf 90' lang='lat' dir='ltr'>quem</span> <span class='ocrx_word' id='word_1_39' title='bbox 360 1142 422 1222; x_wconf 91' lang='lat' dir='ltr'>ipsi</span> <span class='ocrx_word' id='word_1_40' title='bbox 457 1141 569 1203; x_wconf 86' lang='lat' dir='ltr'>Parthi</span> <span class='ocrx_word' id='word_1_41' title='bbox 601 1149 720 1203; x_wconf 87' lang='lat' dir='ltr'>contra</span> <span class='ocrx_word' id='word_1_42' title='bbox 751 1161 828 1203; x_wconf 91' lang='lat' dir='ltr'>eum</span> <span class='ocrx_word' id='word_1_43' title='bbox 855 1141 1018 1213; x_wconf 82' lang='lat' dir='ltr'>accivere,</span> <span class='ocrx_word' id='word_1_44' title='bbox 1043 1140 1178 1221; x_wconf 86' lang='lat' dir='ltr'>iamque</span> <span class='ocrx_word' id='word_1_45' title='bbox 1203 1141 1330 1222; x_wconf 89' lang='lat' dir='ltr'>copias</span> <span class='ocrx_word' id='word_1_46' title='bbox 1354 1162 1428 1204; x_wconf 85' lang='lat' dir='ltr'>suas</span> 
     </span>
     <span class='ocr_line' id='line_1_8' title="bbox 227 1260 852 1342; baseline -0.002 -20"><span class='ocrx_word' id='word_1_47' title='bbox 227 1269 367 1342; x_wconf 90' lang='lat' dir='ltr'>uterque</span> <span class='ocrx_word' id='word_1_48' title='bbox 393 1262 425 1323; x_wconf 91' lang='lat' dir='ltr'>in</span> <span class='ocrx_word' id='word_1_49' title='bbox 450 1280 608 1342; x_wconf 88' lang='lat' dir='ltr'>campum</span> <span class='ocrx_word' id='word_1_50' title='bbox 634 1260 852 1340; x_wconf 75' lang='lat' dir='ltr'>eduxeruntl:</span> 
     </span>
    </p>

    <p class='ocr_par' dir='ltr' id='par_1_4' title="bbox 225 1376 1426 1699">
     <span class='ocr_line' id='line_1_9' title="bbox 274 1376 1426 1461; baseline 0.005 -25"><span class='ocrx_word' id='word_1_51' title='bbox 274 1379 341 1441; x_wconf 83' lang='lat' dir='ltr'>»At</span> <span class='ocrx_word' id='word_1_52' title='bbox 372 1379 484 1442; x_wconf 92' lang='lat' dir='ltr'>Parthi</span> <span class='ocrx_word' id='word_1_53' title='bbox 509 1381 732 1461; x_wconf 90' lang='lat' dir='ltr'>imperatores</span> <span class='ocrx_word' id='word_1_54' title='bbox 755 1398 832 1440; x_wconf 91' lang='lat' dir='ltr'>cum</span> <span class='ocrx_word' id='word_1_55' title='bbox 856 1396 1005 1459; x_wconf 90' lang='lat' dir='ltr'>pugnam</span> <span class='ocrx_word' id='word_1_56' title='bbox 1031 1383 1199 1457; x_wconf 91' lang='lat' dir='ltr'>pararent,</span> <span class='ocrx_word' id='word_1_57' title='bbox 1227 1376 1355 1441; x_wconf 84' lang='lat' dir='ltr'>foedus</span> <span class='ocrx_word' id='word_1_58' title='bbox 1379 1400 1426 1442; x_wconf 90' lang='lat' dir='ltr'>re·</span> 
     </span>
     <span class='ocr_line' id='line_1_10' title="bbox 225 1497 1426 1582; baseline 0.002 -22"><span class='ocrx_word' id='word_1_59' title='bbox 225 1507 327 1580; x_wconf 91' lang='lat' dir='ltr'>pente</span> <span class='ocrx_word' id='word_1_60' title='bbox 368 1501 494 1562; x_wconf 89' lang='lat' dir='ltr'>iaciunt</span> <span class='ocrx_word' id='word_1_61' title='bbox 533 1501 677 1582; x_wconf 86' lang='lat' dir='ltr'>cognitis</span> <span class='ocrx_word' id='word_1_62' title='bbox 712 1498 925 1581; x_wconf 88' lang='lat' dir='ltr'>popularium</span> <span class='ocrx_word' id='word_1_63' title='bbox 960 1497 1099 1572; x_wconf 89' lang='lat' dir='ltr'>insidiis,</span> <span class='ocrx_word' id='word_1_64' title='bbox 1134 1516 1222 1578; x_wconf 90' lang='lat' dir='ltr'>quas</span> <span class='ocrx_word' id='word_1_65' title='bbox 1258 1497 1426 1563; x_wconf 86' lang='lat' dir='ltr'>Gotarzes</span> 
     </span>
     <span class='ocr_line' id='line_1_11' title="bbox 226 1618 538 1699; baseline 0.006 -20"><span class='ocrx_word' id='word_1_66' title='bbox 226 1618 319 1681; x_wconf 84' lang='lat' dir='ltr'>fratri</span> <span class='ocrx_word' id='word_1_67' title='bbox 344 1618 538 1699; x_wconf 80' lang='lat' dir='ltr'>patefecit’&#39;.</span> 
     </span>
    </p>

    <p class='ocr_par' dir='ltr' id='par_1_5' title="bbox 221 1736 1425 3014">
     <span class='ocr_line' id='line_1_12' title="bbox 273 1736 1425 1820; baseline 0.003 -21"><span class='ocrx_word' id='word_1_68' title='bbox 273 1738 337 1800; x_wconf 91' lang='lat' dir='ltr'>Pro</span> <span class='ocrx_word' id='word_1_69' title='bbox 369 1740 494 1801; x_wconf 83' lang='lat' dir='ltr'>iaciunt</span> <span class='ocrx_word' id='word_1_70' title='bbox 524 1738 685 1820; x_wconf 86' lang='lat' dir='ltr'>Agricola</span> <span class='ocrx_word' id='word_1_71' title='bbox 717 1737 893 1819; x_wconf 92' lang='lat' dir='ltr'>proposuit</span> <span class='ocrx_word' id='word_1_72' title='bbox 924 1737 1035 1811; x_wconf 78' lang='lat' dir='ltr'>iciant,</span> <span class='ocrx_word' id='word_1_73' title='bbox 1060 1736 1197 1818; x_wconf 89' lang='lat' dir='ltr'>Lipsius</span> <span class='ocrx_word' id='word_1_74' title='bbox 1213 1739 1370 1820; x_wconf 85' lang='lat' dir='ltr'>faciunt,</span> <span class='ocrx_word' id='word_1_75' title='bbox 1393 1748 1425 1801; x_wconf 89' lang='lat' dir='ltr'>et</span> 
     </span>
     <span class='ocr_line' id='line_1_13' title="bbox 227 1856 1423 1938; baseline 0.001 -19"><span class='ocrx_word' id='word_1_76' title='bbox 227 1859 370 1920; x_wconf 91' lang='lat' dir='ltr'>alterum</span> <span class='ocrx_word' id='word_1_77' title='bbox 398 1859 441 1920; x_wconf 89' lang='lat' dir='ltr'>ab</span> <span class='ocrx_word' id='word_1_78' title='bbox 466 1858 541 1933; x_wconf 93' lang='lat' dir='ltr'>hoc,</span> <span class='ocrx_word' id='word_1_79' title='bbox 566 1859 708 1921; x_wconf 89' lang='lat' dir='ltr'>alterum</span> <span class='ocrx_word' id='word_1_80' title='bbox 734 1858 777 1920; x_wconf 94' lang='lat' dir='ltr'>ab</span> <span class='ocrx_word' id='word_1_81' title='bbox 801 1856 858 1919; x_wconf 94' lang='lat' dir='ltr'>illo</span> <span class='ocrx_word' id='word_1_82' title='bbox 882 1856 1013 1920; x_wconf 88' lang='lat' dir='ltr'>editore</span> <span class='ocrx_word' id='word_1_83' title='bbox 1038 1857 1209 1938; x_wconf 92' lang='lat' dir='ltr'>recipitur.</span> <span class='ocrx_word' id='word_1_84' title='bbox 1237 1858 1284 1920; x_wconf 88' lang='lat' dir='ltr'>Et</span> <span class='ocrx_word' id='word_1_85' title='bbox 1309 1868 1423 1921; x_wconf 85' lang='lat' dir='ltr'>tamen</span> 
     </span>
     <span class='ocr_line' id='line_1_14' title="bbox 228 1976 1423 2040; baseline 0.001 -1"><span class='ocrx_word' id='word_1_86' title='bbox 228 1978 365 2039; x_wconf 89' lang='lat' dir='ltr'>minime</span> <span class='ocrx_word' id='word_1_87' title='bbox 396 1978 609 2040; x_wconf 90' lang='lat' dir='ltr'>sollicitanda</span> <span class='ocrx_word' id='word_1_88' title='bbox 636 1978 690 2040; x_wconf 89' lang='lat' dir='ltr'>hic</span> <span class='ocrx_word' id='word_1_89' title='bbox 715 1987 786 2039; x_wconf 93' lang='lat' dir='ltr'>erat</span> <span class='ocrx_word' id='word_1_90' title='bbox 810 1977 912 2040; x_wconf 89' lang='lat' dir='ltr'>lectio</span> <span class='ocrx_word' id='word_1_91' title='bbox 935 1976 1078 2039; x_wconf 86' lang='lat' dir='ltr'>tradita:</span> <span class='ocrx_word' id='word_1_92' title='bbox 1104 1977 1202 2038; x_wconf 88' lang='lat' dir='ltr'>unice</span> <span class='ocrx_word' id='word_1_93' title='bbox 1227 1977 1322 2039; x_wconf 92' lang='lat' dir='ltr'>enim</span> <span class='ocrx_word' id='word_1_94' title='bbox 1347 1999 1423 2040; x_wconf 89' lang='lat' dir='ltr'>vera</span> 
     </span>
     <span class='ocr_line' id='line_1_15' title="bbox 227 2096 1421 2175; baseline 0.001 -17"><span class='ocrx_word' id='word_1_95' title='bbox 227 2115 267 2158; x_wconf 88' lang='lat' dir='ltr'>ea</span> <span class='ocrx_word' id='word_1_96' title='bbox 302 2107 363 2171; x_wconf 90' lang='lat' dir='ltr'>est,</span> <span class='ocrx_word' id='word_1_97' title='bbox 400 2098 614 2159; x_wconf 91' lang='lat' dir='ltr'>coniecturae</span> <span class='ocrx_word' id='word_1_98' title='bbox 650 2105 764 2158; x_wconf 86' lang='lat' dir='ltr'>autern</span> <span class='ocrx_word' id='word_1_99' title='bbox 800 2096 885 2158; x_wconf 92' lang='lat' dir='ltr'>istae</span> <span class='ocrx_word' id='word_1_100' title='bbox 920 2096 1022 2158; x_wconf 79' lang='lat' dir='ltr'>iciant</span> <span class='ocrx_word' id='word_1_101' title='bbox 1056 2103 1091 2157; x_wconf 91' lang='lat' dir='ltr'>et</span> <span class='ocrx_word' id='word_1_102' title='bbox 1117 2096 1261 2175; x_wconf 84' lang='lat' dir='ltr'>faciunt</span> <span class='ocrx_word' id='word_1_103' title='bbox 1291 2097 1421 2159; x_wconf 89' lang='lat' dir='ltr'>ridiculi</span> 
     </span>
     <span class='ocr_line' id='line_1_16' title="bbox 226 2212 1421 2296; baseline 0.003 -21"><span class='ocrx_word' id='word_1_104' title='bbox 226 2214 354 2277; x_wconf 86' lang='lat' dir='ltr'>habent</span> <span class='ocrx_word' id='word_1_105' title='bbox 386 2216 523 2296; x_wconf 88' lang='lat' dir='ltr'>aliquid.</span> <span class='ocrx_word' id='word_1_106' title='bbox 556 2213 646 2296; x_wconf 86' lang='lat' dir='ltr'>Quid</span> <span class='ocrx_word' id='word_1_107' title='bbox 671 2212 783 2276; x_wconf 81' lang='lat' dir='ltr'>enim?</span> <span class='ocrx_word' id='word_1_108' title='bbox 807 2213 907 2277; x_wconf 88' lang='lat' dir='ltr'>Stant</span> <span class='ocrx_word' id='word_1_109' title='bbox 931 2215 1039 2295; x_wconf 88' lang='lat' dir='ltr'>parati</span> <span class='ocrx_word' id='word_1_110' title='bbox 1063 2214 1106 2276; x_wconf 89' lang='lat' dir='ltr'>ad</span> <span class='ocrx_word' id='word_1_111' title='bbox 1133 2234 1284 2296; x_wconf 88' lang='lat' dir='ltr'>pugnam</span> <span class='ocrx_word' id='word_1_112' title='bbox 1389 2223 1421 2278; x_wconf 89' lang='lat' dir='ltr'>et</span> 
     </span>
     <span class='ocr_line' id='line_1_17' title="bbox 225 2332 1419 2415; baseline 0.003 -21"><span class='ocrx_word' id='word_1_113' title='bbox 225 2332 339 2395; x_wconf 90' lang='lat' dir='ltr'>subito</span> <span class='ocrx_word' id='word_1_114' title='bbox 364 2335 487 2415; x_wconf 81' lang='lat' dir='ltr'>foedus</span> <span class='ocrx_word' id='word_1_115' title='bbox 511 2336 644 2407; x_wconf 81' lang='lat' dir='ltr'>iaciunt,</span> <span class='ocrx_word' id='word_1_116' title='bbox 670 2335 689 2395; x_wconf 94' lang='lat' dir='ltr'>i.</span> <span class='ocrx_word' id='word_1_117' title='bbox 704 2354 732 2395; x_wconf 94' lang='lat' dir='ltr'>e.</span> <span class='ocrx_word' id='word_1_118' title='bbox 758 2332 903 2395; x_wconf 79' lang='lat' dir='ltr'>foederis</span> <span class='ocrx_word' id='word_1_119' title='bbox 927 2332 1071 2395; x_wconf 80' lang='lat' dir='ltr'>faciendi</span> <span class='ocrx_word' id='word_1_120' title='bbox 1097 2333 1252 2396; x_wconf 92' lang='lat' dir='ltr'>iniiciunt</span> <span class='ocrx_word' id='word_1_121' title='bbox 1278 2336 1419 2398; x_wconf 93' lang='lat' dir='ltr'>mentio·</span> 
     </span>
     <span class='ocr_line' id='line_1_18' title="bbox 227 2451 1419 2535; baseline 0.003 -22"><span class='ocrx_word' id='word_1_122' title='bbox 227 2472 314 2513; x_wconf 92' lang='lat' dir='ltr'>nem.</span> <span class='ocrx_word' id='word_1_123' title='bbox 342 2451 463 2513; x_wconf 88' lang='lat' dir='ltr'>Nonne</span> <span class='ocrx_word' id='word_1_124' title='bbox 488 2453 552 2514; x_wconf 88' lang='lat' dir='ltr'>hoc</span> <span class='ocrx_word' id='word_1_125' title='bbox 578 2452 768 2527; x_wconf 88' lang='lat' dir='ltr'>verisimile,</span> <span class='ocrx_word' id='word_1_126' title='bbox 794 2472 905 2514; x_wconf 92' lang='lat' dir='ltr'>nonne</span> <span class='ocrx_word' id='word_1_127' title='bbox 930 2462 963 2514; x_wconf 91' lang='lat' dir='ltr'>et</span> <span class='ocrx_word' id='word_1_128' title='bbox 987 2472 1039 2514; x_wconf 88' lang='lat' dir='ltr'>res</span> <span class='ocrx_word' id='word_1_129' title='bbox 1063 2460 1097 2514; x_wconf 93' lang='lat' dir='ltr'>et</span> <span class='ocrx_word' id='word_1_130' title='bbox 1122 2452 1227 2515; x_wconf 92' lang='lat' dir='ltr'>verba</span> <span class='ocrx_word' id='word_1_131' title='bbox 1252 2454 1315 2535; x_wconf 93' lang='lat' dir='ltr'>ipsi</span> <span class='ocrx_word' id='word_1_132' title='bbox 1342 2473 1419 2516; x_wconf 91' lang='lat' dir='ltr'>con·</span> 
     </span>
     <span class='ocr_line' id='line_1_19' title="bbox 226 2569 1420 2654; baseline 0.001 -22"><span class='ocrx_word' id='word_1_133' title='bbox 226 2571 366 2633; x_wconf 90' lang='lat' dir='ltr'>veniunt</span> <span class='ocrx_word' id='word_1_134' title='bbox 391 2569 551 2633; x_wconf 88' lang='lat' dir='ltr'>naturae?</span> <span class='ocrx_word' id='word_1_135' title='bbox 573 2570 684 2634; x_wconf 79' lang='lat' dir='ltr'>Subito</span> <span class='ocrx_word' id='word_1_136' title='bbox 703 2572 745 2633; x_wconf 91' lang='lat' dir='ltr'>de</span> <span class='ocrx_word' id='word_1_137' title='bbox 767 2571 903 2634; x_wconf 87' lang='lat' dir='ltr'>foedere</span> <span class='ocrx_word' id='word_1_138' title='bbox 924 2572 1058 2633; x_wconf 83' lang='lat' dir='ltr'>iniicere</span> <span class='ocrx_word' id='word_1_139' title='bbox 1074 2592 1257 2634; x_wconf 81' lang='lat' dir='ltr'>sermonem</span> <span class='ocrx_word' id='word_1_140' title='bbox 1278 2580 1420 2654; x_wconf 89' lang='lat' dir='ltr'>possunt</span> 
     </span>
     <span class='ocr_line' id='line_1_20' title="bbox 225 2690 1419 2770; baseline 0.003 -19"><span class='ocrx_word' id='word_1_141' title='bbox 225 2691 328 2751; x_wconf 87' lang='lat' dir='ltr'>etiam</span> <span class='ocrx_word' id='word_1_142' title='bbox 360 2690 417 2770; x_wconf 93' lang='lat' dir='ltr'>qui</span> <span class='ocrx_word' id='word_1_143' title='bbox 449 2690 584 2751; x_wconf 91' lang='lat' dir='ltr'>iamiam</span> <span class='ocrx_word' id='word_1_144' title='bbox 612 2691 798 2752; x_wconf 88' lang='lat' dir='ltr'>conserturi</span> <span class='ocrx_word' id='word_1_145' title='bbox 827 2711 945 2753; x_wconf 88' lang='lat' dir='ltr'>manus</span> <span class='ocrx_word' id='word_1_146' title='bbox 969 2700 1062 2766; x_wconf 72' lang='lat' dir='ltr'>sunt,</span> <span class='ocrx_word' id='word_1_147' title='bbox 1087 2700 1123 2753; x_wconf 92' lang='lat' dir='ltr'>at</span> <span class='ocrx_word' id='word_1_148' title='bbox 1146 2691 1276 2755; x_wconf 92' lang='lat' dir='ltr'>nullum</span> <span class='ocrx_word' id='word_1_149' title='bbox 1301 2692 1419 2756; x_wconf 85' lang='lat' dir='ltr'>foedus</span> 
     </span>
     <span class='ocr_line' id='line_1_21' title="bbox 221 2809 1418 2894; baseline 0.003 -23"><span class='ocrx_word' id='word_1_150' title='bbox 221 2822 355 2892; x_wconf 76' lang='lat' dir='ltr'>repente</span> <span class='ocrx_word' id='word_1_151' title='bbox 376 2810 437 2893; x_wconf 85' lang='lat' dir='ltr'>fit:</span> <span class='ocrx_word' id='word_1_152' title='bbox 470 2809 513 2870; x_wconf 92' lang='lat' dir='ltr'>ad</span> <span class='ocrx_word' id='word_1_153' title='bbox 546 2829 621 2870; x_wconf 89' lang='lat' dir='ltr'>eam</span> <span class='ocrx_word' id='word_1_154' title='bbox 651 2830 721 2871; x_wconf 89' lang='lat' dir='ltr'>rem</span> <span class='ocrx_word' id='word_1_155' title='bbox 750 2811 954 2872; x_wconf 86' lang='lat' dir='ltr'>cerimoniae</span> <span class='ocrx_word' id='word_1_156' title='bbox 978 2818 1056 2873; x_wconf 94' lang='lat' dir='ltr'>sunt</span> <span class='ocrx_word' id='word_1_157' title='bbox 1081 2813 1307 2892; x_wconf 86' lang='lat' dir='ltr'>peragendae,</span> <span class='ocrx_word' id='word_1_158' title='bbox 1334 2833 1418 2894; x_wconf 87' lang='lat' dir='ltr'>quae</span> 
     </span>
     <span class='ocr_line' id='line_1_22' title="bbox 224 2928 1417 3014; baseline 0.004 -24"><span class='ocrx_word' id='word_1_159' title='bbox 224 2949 301 2990; x_wconf 92' lang='lat' dir='ltr'>suas</span> <span class='ocrx_word' id='word_1_160' title='bbox 330 2929 393 2990; x_wconf 84' lang='lat' dir='ltr'>sibi</span> <span class='ocrx_word' id='word_1_161' title='bbox 426 2928 569 2990; x_wconf 82' lang='lat' dir='ltr'>afferunt</span> <span class='ocrx_word' id='word_1_162' title='bbox 599 2949 725 3002; x_wconf 87' lang='lat' dir='ltr'>moras;</span> <span class='ocrx_word' id='word_1_163' title='bbox 758 2929 908 2991; x_wconf 86' lang='lat' dir='ltr'>festinari</span> <span class='ocrx_word' id='word_1_164' title='bbox 940 2950 1113 3011; x_wconf 92' lang='lat' dir='ltr'>nunquam</span> <span class='ocrx_word' id='word_1_165' title='bbox 1146 2929 1266 2994; x_wconf 79' lang='lat' dir='ltr'>foedus</span> <span class='ocrx_word' id='word_1_166' title='bbox 1294 2941 1417 3014; x_wconf 91' lang='lat' dir='ltr'>potest,</span> 
     </span>
    </p>
   </div>
   <div class='ocr_carea' id='block_1_3' title="bbox 225 3049 1420 3135">
    <p class='ocr_par' dir='ltr' id='par_1_6' title="bbox 225 3049 1420 3135">
     <span class='ocr_line' id='line_1_23' title="bbox 225 3049 1420 3135; baseline 0.004 -25"><span class='ocrx_word' id='word_1_167' title='bbox 225 3050 283 3111; x_wconf 92' lang='lat' dir='ltr'>sed</span> <span class='ocrx_word' id='word_1_168' title='bbox 318 3049 455 3110; x_wconf 90' lang='lat' dir='ltr'>minime</span> <span class='ocrx_word' id='word_1_169' title='bbox 488 3059 567 3111; x_wconf 90' lang='lat' dir='ltr'>tunc</span> <span class='ocrx_word' id='word_1_170' title='bbox 600 3051 690 3131; x_wconf 91' lang='lat' dir='ltr'>apud</span> <span class='ocrx_word' id='word_1_171' title='bbox 718 3049 858 3111; x_wconf 88' lang='lat' dir='ltr'>Parthos</span> <span class='ocrx_word' id='word_1_172' title='bbox 884 3051 995 3132; x_wconf 90' lang='lat' dir='ltr'>potuit</span> <span class='ocrx_word' id='word_1_173' title='bbox 1020 3051 1104 3126; x_wconf 93' lang='lat' dir='ltr'>illos,</span> <span class='ocrx_word' id='word_1_174' title='bbox 1128 3051 1203 3133; x_wconf 91' lang='lat' dir='ltr'>qui:</span> <span class='ocrx_word' id='word_1_175' title='bbox 1234 3054 1420 3135; x_wconf 84' lang='lat' dir='ltr'>,congressi</span> 
     </span>
    </p>
   </div>
   <div class='ocr_carea' id='block_1_4' title="bbox 219 3170 1421 4088">
    <p class='ocr_par' dir='ltr' id='par_1_7' title="bbox 219 3170 1417 3371">
     <span class='ocr_line' id='line_1_24' title="bbox 219 3170 1417 3253; baseline 0.006 -24"><span class='ocrx_word' id='word_1_176' title='bbox 219 3170 332 3250; x_wconf 77' lang='lat' dir='ltr'>primo</span> <span class='ocrx_word' id='word_1_177' title='bbox 352 3181 551 3242; x_wconf 84' lang='lat' dir='ltr'>cunctanter,</span> <span class='ocrx_word' id='word_1_178' title='bbox 572 3171 650 3232; x_wconf 86' lang='lat' dir='ltr'>dein</span> <span class='ocrx_word' id='word_1_179' title='bbox 672 3171 842 3251; x_wconf 87' lang='lat' dir='ltr'>complexi</span> <span class='ocrx_word' id='word_1_180' title='bbox 863 3173 1010 3246; x_wconf 88' lang='lat' dir='ltr'>dextras,</span> <span class='ocrx_word' id='word_1_181' title='bbox 1031 3171 1121 3252; x_wconf 91' lang='lat' dir='ltr'>apud</span> <span class='ocrx_word' id='word_1_182' title='bbox 1142 3171 1274 3234; x_wconf 85' lang='lat' dir='ltr'>altaria</span> <span class='ocrx_word' id='word_1_183' title='bbox 1286 3174 1382 3236; x_wconf 78' lang='lat' dir='ltr'>deum</span> <span class='ocrx_word' id='word_1_184' title='bbox 1397 3172 1417 3253; x_wconf 83' lang='grc'>1)</span> 
     </span>
     <span class='ocr_line' id='line_1_25' title="bbox 226 3287 546 3371; baseline 0.006 -22"><span class='ocrx_word' id='word_1_185' title='bbox 226 3287 406 3370; x_wconf 88' lang='lat' dir='ltr'>pepigere”</span> <span class='ocrx_word' id='word_1_186' title='bbox 432 3309 461 3351; x_wconf 94' lang='lat' dir='ltr'>e.</span> <span class='ocrx_word' id='word_1_187' title='bbox 475 3311 508 3371; x_wconf 93' lang='lat' dir='ltr'>q.</span> <span class='ocrx_word' id='word_1_188' title='bbox 522 3310 546 3351; x_wconf 93' lang='lat' dir='ltr'>s.</span> 
     </span>
    </p>

    <p class='ocr_par' dir='ltr' id='par_1_8' title="bbox 271 3408 1252 3487">
     <span class='ocr_line' id='line_1_26' title="bbox 271 3408 1252 3487; baseline 0.002 -17"><span class='ocrx_word' id='word_1_189' title='bbox 271 3408 313 3469; x_wconf 90' lang='lat' dir='ltr'>A.</span> <span class='ocrx_word' id='word_1_190' title='bbox 340 3408 418 3484; x_wconf 88' lang='lat' dir='ltr'>XV,</span> <span class='ocrx_word' id='word_1_191' title='bbox 442 3411 496 3487; x_wconf 85' lang='lat'>48.</span> <span class='ocrx_word' id='word_1_192' title='bbox 522 3411 574 3471; x_wconf 89' lang='lat' dir='ltr'>De</span> <span class='ocrx_word' id='word_1_193' title='bbox 600 3410 720 3471; x_wconf 89' lang='lat' dir='ltr'>Pisone</span> <span class='ocrx_word' id='word_1_194' title='bbox 745 3419 778 3471; x_wconf 89' lang='lat' dir='ltr'>et</span> <span class='ocrx_word' id='word_1_195' title='bbox 802 3409 868 3472; x_wconf 90' lang='lat' dir='ltr'>alia</span> <span class='ocrx_word' id='word_1_196' title='bbox 892 3418 926 3471; x_wconf 87' lang='lat' dir='ltr'>et</span> <span class='ocrx_word' id='word_1_197' title='bbox 950 3409 1033 3472; x_wconf 88' lang='lat' dir='ltr'>haec</span> <span class='ocrx_word' id='word_1_198' title='bbox 1057 3420 1252 3472; x_wconf 92' lang='lat' dir='ltr'>narrantur:</span> 
     </span>
    </p>

    <p class='ocr_par' dir='ltr' id='par_1_9' title="bbox 225 3526 1417 3729">
     <span class='ocr_line' id='line_1_27' title="bbox 271 3526 1417 3611; baseline 0.003 -23"><span class='ocrx_word' id='word_1_199' title='bbox 271 3526 389 3589; x_wconf 90' lang='lat' dir='ltr'>Procul</span> <span class='ocrx_word' id='word_1_200' title='bbox 410 3528 557 3609; x_wconf 85' lang='lat' dir='ltr'>gravitas</span> <span class='ocrx_word' id='word_1_201' title='bbox 578 3548 709 3590; x_wconf 92' lang='lat' dir='ltr'>morum</span> <span class='ocrx_word' id='word_1_202' title='bbox 730 3537 788 3590; x_wconf 89' lang='lat' dir='ltr'>aut</span> <span class='ocrx_word' id='word_1_203' title='bbox 808 3529 1022 3610; x_wconf 90' lang='lat' dir='ltr'>voluptatum</span> <span class='ocrx_word' id='word_1_204' title='bbox 1044 3529 1271 3611; x_wconf 74' lang='lat' dir='ltr'>parsimonia,</span> <span class='ocrx_word' id='word_1_205' title='bbox 1286 3529 1417 3594; x_wconf 89' lang='lat' dir='ltr'>lenitati</span> 
     </span>
     <span class='ocr_line' id='line_1_28' title="bbox 225 3647 1164 3729; baseline 0.001 -22"><span class='ocrx_word' id='word_1_206' title='bbox 225 3666 263 3707; x_wconf 91' lang='lat' dir='ltr'>ac</span> <span class='ocrx_word' id='word_1_207' title='bbox 290 3647 560 3728; x_wconf 86' lang='lat' dir='ltr'>magnificentiae</span> <span class='ocrx_word' id='word_1_208' title='bbox 584 3657 618 3710; x_wconf 90' lang='lat' dir='ltr'>et</span> <span class='ocrx_word' id='word_1_209' title='bbox 642 3649 825 3729; x_wconf 92' lang='lat' dir='ltr'>aliquando</span> <span class='ocrx_word' id='word_1_210' title='bbox 850 3649 929 3710; x_wconf 89' lang='lat' dir='ltr'>luxu</span> <span class='ocrx_word' id='word_1_211' title='bbox 954 3647 1164 3729; x_wconf 89' lang='lat' dir='ltr'>indulgebat.</span> 
     </span>
    </p>

    <p class='ocr_par' dir='ltr' id='par_1_10' title="bbox 224 3766 1421 4088">
     <span class='ocr_line' id='line_1_29' title="bbox 272 3766 1417 3848; baseline 0.005 -22"><span class='ocrx_word' id='word_1_212' title='bbox 272 3766 335 3827; x_wconf 93' lang='lat' dir='ltr'>Pro</span> <span class='ocrx_word' id='word_1_213' title='bbox 354 3767 484 3829; x_wconf 80' lang='lat' dir='ltr'>lenitati</span> <span class='ocrx_word' id='word_1_214' title='bbox 503 3767 678 3829; x_wconf 86' lang='lat' dir='ltr'>Ernestius</span> <span class='ocrx_word' id='word_1_215' title='bbox 699 3767 844 3828; x_wconf 90' lang='lat' dir='ltr'>coniecit</span> <span class='ocrx_word' id='word_1_216' title='bbox 864 3767 1000 3841; x_wconf 80' lang='lat' dir='ltr'>levitati,</span> <span class='ocrx_word' id='word_1_217' title='bbox 1022 3787 1166 3848; x_wconf 88' lang='lat' dir='ltr'>eamque</span> <span class='ocrx_word' id='word_1_218' title='bbox 1185 3768 1417 3832; x_wconf 88' lang='lat' dir='ltr'>coniecturam</span> 
     </span>
     <span class='ocr_line' id='line_1_30' title="bbox 226 3883 1418 3967; baseline 0.003 -23"><span class='ocrx_word' id='word_1_219' title='bbox 226 3883 349 3965; x_wconf 90' lang='lat' dir='ltr'>probat</span> <span class='ocrx_word' id='word_1_220' title='bbox 374 3884 555 3947; x_wconf 88' lang='lat' dir='ltr'>Furneaux</span> <span class='ocrx_word' id='word_1_221' title='bbox 575 3886 638 3947; x_wconf 90' lang='lat' dir='ltr'>hoc</span> <span class='ocrx_word' id='word_1_222' title='bbox 659 3894 860 3967; x_wconf 86' lang='lat' dir='ltr'>argumento</span> <span class='ocrx_word' id='word_1_223' title='bbox 882 3886 973 3966; x_wconf 93' lang='lat' dir='ltr'>quod</span> <span class='ocrx_word' id='word_1_224' title='bbox 994 3886 1115 3948; x_wconf 89' lang='lat' dir='ltr'>lenitas</span> <span class='ocrx_word' id='word_1_225' title='bbox 1134 3887 1253 3949; x_wconf 86' lang='lat' dir='ltr'>vitium</span> <span class='ocrx_word' id='word_1_226' title='bbox 1274 3906 1344 3948; x_wconf 89' lang='lat' dir='ltr'>non</span> <span class='ocrx_word' id='word_1_227' title='bbox 1365 3887 1418 3949; x_wconf 89' lang='lat' dir='ltr'>sit.</span> 
     </span>
     <span class='ocr_line' id='line_1_31' title="bbox 224 4001 1421 4088; baseline 0.003 -25"><span class='ocrx_word' id='word_1_228' title='bbox 224 4001 274 4063; x_wconf 86' lang='lat' dir='ltr'>At</span> <span class='ocrx_word' id='word_1_229' title='bbox 307 4022 348 4063; x_wconf 92' lang='lat' dir='ltr'>ne</span> <span class='ocrx_word' id='word_1_230' title='bbox 381 4005 624 4085; x_wconf 75' lang='lat' dir='ltr'>magnificentia</span> <span class='ocrx_word' id='word_1_231' title='bbox 656 4013 689 4066; x_wconf 87' lang='lat' dir='ltr'>et</span> <span class='ocrx_word' id='word_1_232' title='bbox 717 4006 818 4068; x_wconf 76' lang='lat' dir='ltr'>luxus</span> <span class='ocrx_word' id='word_1_233' title='bbox 842 4005 991 4086; x_wconf 90' lang='lat' dir='ltr'>quidem,</span> <span class='ocrx_word' id='word_1_234' title='bbox 1010 4017 1075 4088; x_wconf 80' lang='lat' dir='ltr'>per</span> <span class='ocrx_word' id='word_1_235' title='bbox 1098 4026 1132 4066; x_wconf 83' lang='lat' dir='ltr'>se</span> <span class='ocrx_word' id='word_1_236' title='bbox 1154 4016 1311 4087; x_wconf 80' lang='lat' dir='ltr'>spectata,</span> <span class='ocrx_word' id='word_1_237' title='bbox 1337 4007 1421 4068; x_wconf 90' lang='lat' dir='ltr'>vitia</span> 
     </span>
    </p>
   </div>
   <div class='ocr_carea' id='block_1_5' title="bbox 232 4182 426 4189">
    <p class='ocr_par' dir='ltr' id='par_1_11' title="bbox 232 4182 426 4189">
     <span class='ocr_line' id='line_1_32' title="bbox 232 4182 426 4189; baseline 0.005 -1"><span class='ocrx_word' id='word_1_238' title='bbox 232 4182 372 4189; x_wconf 73' lang='lat'>———</span> <span class='ocrx_word' id='word_1_239' title='bbox 378 4182 426 4189; x_wconf 63' lang='lat' dir='ltr'>-m</span> 
     </span>
    </p>
   </div>
   <div class='ocr_carea' id='block_1_6' title="bbox 223 4289 1421 4442">
    <p class='ocr_par' dir='ltr' id='par_1_12' title="bbox 223 4289 1421 4442">
     <span class='ocr_line' id='line_1_33' title="bbox 264 4289 1421 4356; baseline 0.004 -20"><span class='ocrx_word' id='word_1_240' title='bbox 264 4289 289 4354; x_wconf 89' lang='lat'>1)</span> <span class='ocrx_word' id='word_1_241' title='bbox 309 4290 383 4350; x_wconf 86' lang='lat' dir='ltr'>Quae</span> <span class='ocrx_word' id='word_1_242' title='bbox 402 4297 471 4337; x_wconf 86' lang='lat' dir='ltr'>certe</span> <span class='ocrx_word' id='word_1_243' title='bbox 492 4305 544 4337; x_wconf 93' lang='lat' dir='ltr'>non</span> <span class='ocrx_word' id='word_1_244' title='bbox 564 4289 672 4338; x_wconf 79' lang='lat' dir='ltr'>aderant</span> <span class='ocrx_word' id='word_1_245' title='bbox 691 4290 717 4338; x_wconf 93' lang='lat' dir='ltr'>in</span> <span class='ocrx_word' id='word_1_246' title='bbox 737 4306 830 4354; x_wconf 90' lang='lat' dir='ltr'>campo</span> <span class='ocrx_word' id='word_1_247' title='bbox 849 4290 881 4338; x_wconf 84' lang='lat' dir='ltr'>ad</span> <span class='ocrx_word' id='word_1_248' title='bbox 901 4291 1029 4354; x_wconf 88' lang='lat' dir='ltr'>proelium</span> <span class='ocrx_word' id='word_1_249' title='bbox 1049 4291 1148 4356; x_wconf 76' lang='lat' dir='ltr'>elect03</span> <span class='ocrx_word' id='word_1_250' title='bbox 1167 4291 1271 4339; x_wconf 89' lang='lat' dir='ltr'>illorum</span> <span class='ocrx_word' id='word_1_251' title='bbox 1290 4307 1369 4341; x_wconf 81' lang='lat' dir='ltr'>causa</span> <span class='ocrx_word' id='word_1_252' title='bbox 1388 4291 1421 4341; x_wconf 84' lang='lat' dir='ltr'>ad</span> 
     </span>
     <span class='ocr_line' id='line_1_34' title="bbox 223 4375 1374 4442; baseline 0.003 -19"><span class='ocrx_word' id='word_1_253' title='bbox 223 4375 337 4438; x_wconf 82' lang='lat' dir='ltr'>aliquam</span> <span class='ocrx_word' id='word_1_254' title='bbox 356 4377 446 4424; x_wconf 90' lang='lat' dir='ltr'>urbem</span> <span class='ocrx_word' id='word_1_255' title='bbox 465 4375 514 4424; x_wconf 83' lang='lat' dir='ltr'>iter</span> <span class='ocrx_word' id='word_1_256' title='bbox 533 4376 679 4424; x_wconf 86' lang='lat' dir='ltr'>laciendum</span> <span class='ocrx_word' id='word_1_257' title='bbox 699 4386 751 4425; x_wconf 81' lang='lat' dir='ltr'>erat</span> <span class='ocrx_word' id='word_1_258' title='bbox 770 4384 823 4440; x_wconf 82' lang='lat' dir='ltr'>ant,</span> <span class='ocrx_word' id='word_1_259' title='bbox 843 4388 870 4425; x_wconf 77' lang='lat' dir='ltr'>ut</span> <span class='ocrx_word' id='word_1_260' title='bbox 890 4378 1033 4442; x_wconf 76' lang='lat' dir='ltr'>minimum,</span> <span class='ocrx_word' id='word_1_261' title='bbox 1052 4377 1213 4426; x_wconf 90' lang='lat' dir='ltr'>redeundum</span> <span class='ocrx_word' id='word_1_262' title='bbox 1234 4378 1261 4426; x_wconf 90' lang='lat' dir='ltr'>iu</span> <span class='ocrx_word' id='word_1_263' title='bbox 1280 4387 1374 4427; x_wconf 74' lang='lat' dir='ltr'>castra.</span> 
     </span>
    </p>
   </div>
   <div class='ocr_carea' id='block_1_7' title="bbox 0 0 1650 5280">
    <p class='ocr_par' dir='ltr' id='par_1_13' title="bbox 0 0 1650 5280">
     <span class='ocr_line' id='line_1_35' title="bbox 0 0 1650 5280; baseline 0 0"><span class='ocrx_word' id='word_1_264' title='bbox 0 0 1650 5280; x_wconf 95' lang='lat' dir='ltr'> </span> 
     </span>
    </p>
   </div>
  </div>
 </body>
</html>
