3210 5274
722 397 785 464 249

150 558 369 623 reconditum
398 580 442 623 ex
466 561 505 624 iis
530 561 640 637 rebus,
665 581 752 643 quae
776 562 968 625 mortalium
994 560 1083 624 lacta
1106 566 1292 634 excusant,·
1305 558 1349 620 ad

152 677 401 760 ignoscendum
426 678 525 744 fuisse
550 681 721 764 paratos.”
744 680 905 763 Sequitur
927 701 1009 763 ergo
1031 689 1067 743 ut
1086 678 1267 742 verisimile
1287 699 1349 741 non

152 797 201 859 sit
224 797 365 861 deorum
390 799 473 862 iram
497 800 569 863 istis
593 800 758 864 imbribus
780 800 1005 884 significatam
1031 799 1142 862 fuisse.
1168 799 1213 861 Et
1233 817 1350 861 revera

155 916 239 979 illud
267 917 449 981 Furneaux
475 919 675 1002 Nipperdeii
699 921 931 1003 explicationi,
956 940 1058 1002 quam
1085 919 1217 1003 probat,
1243 917 1350 981 addit.

155 1033 227 1100 Sed
257 1057 367 1118 neque
399 1039 538 1103 omnino
570 1040 736 1103 eiusmodi
761 1042 804 1103 de
829 1041 996 1122 portentis
1020 1039 1210 1121 opiniones
1235 1035 1351 1120 quales

156 1156 213 1219 hic
236 1155 337 1238 vulgo
360 1157 562 1233 tribuuntur,
584 1158 730 1222 refutare
753 1159 840 1221 solet
865 1159 1004 1222 Tacitus
1028 1159 1091 1240 (est
1112 1157 1202 1220 enirn
1223 1165 1258 1219 et
1277 1156 1349 1237 ipse

154 1276 239 1338 satis
262 1272 479 1359 δεισιδαίμων),
504 1286 539 1341 et
562 1278 616 1341 hic
637 1279 727 1361 vulgi
744 1280 1061 1362 interpretationem
1083 1278 1122 1340 iis
1145 1278 1255 1340 verbis
1277 1296 1350 1338 nar·

156 1394 279 1457 rationi
310 1415 390 1458 suae
412 1398 564 1460 annectit
588 1398 709 1480 (,adeo
733 1400 877 1462 turbidis
900 1398 1064 1462 imbribus
1089 1396 1161 1478 ut”)
1186 1405 1223 1458 ut
1246 1415 1350 1477 appa-

155 1522 230 1576 reat
260 1515 398 1579 minime
428 1488 655 1599 spernendam
686 1519 749 1601 ipsi
781 1519 898 1582 videri.
931 1519 1088 1599 Denique
1118 1525 1177 1580 aut
1199 1515 1352 1597 legentes

154 1631 359 1714 labyrinthis
391 1634 563 1699 includere
595 1639 710 1700 studet
742 1638 890 1712 Tacitus,
924 1646 982 1701 aut
1015 1638 1098 1699 deos
1129 1645 1164 1698 et
1196 1636 1351 1698 homines

155 1751 245 1815 inter
263 1774 298 1815 se
315 1755 460 1836 opponit:
482 1763 519 1817 ut
539 1756 586 1820 sic
608 1755 922 1840 huncaceipiamus
935 1757 1047 1821 locum
1060 1765 1134 1819 tota
1146 1757 1218 1818 eius
1231 1756 1352 1818 suadet

157 1873 353 1954 dispositio:
386 1874 540 1939 homines
564 1876 641 1940 huic
665 1876 804 1941 facinori
828 1878 1063 1960 ignoscebant,
1089 1896 1156 1939 non
1182 1876 1351 1957 ignovisse

157 1992 243 2055 deos
262 2014 280 2056 e
300 2002 505 2077 tempestate
519 1996 574 2060 illa
587 1998 756 2061 efficiebat
769 1998 909 2080 vulgus.
925 2047 932 2060 .
947 2047 954 2060 .
969 1999 1071 2079 idque
1085 1997 1175 2059 haud
1189 1994 1352 2059 temere.”

157 2110 276 2192 Atque
311 2120 348 2176 ut
383 2113 464 2177 illud
497 2115 589 2179 dicat
620 2116 759 2180 Tacitus
789 2116 960 2180 lenissima
991 2117 1232 2179 emendatione
1264 2113 1351 2178 effici

157 2238 282 2312 potest,
316 2252 383 2313 qua
413 2233 512 2296 simul
543 2235 685 2298 efficitur
708 2245 745 2298 ut
769 2237 837 2298 duo
861 2235 949 2299 illius
972 2237 1162 2298 sententiae
1187 2233 1350 2308 membra,

159 2369 231 2431 qua
260 2350 315 2414 hic
345 2371 433 2434 opus
460 2361 521 2427 est,
554 2354 728 2436 aptissime
756 2355 844 2417 inter
867 2376 902 2417 se
927 2357 1118 2437 iungantur.
1142 2353 1239 2436 Quae
1263 2353 1354 2416 enim

160 2469 217 2532 hic
248 2470 442 2533 coniunctio
472 2472 650 2553 requiritur
681 2493 743 2554 pro
772 2474 890 2556 inepto
914 2474 972 2537 illo
995 2472 1115 2538 etiam?
1142 2473 1190 2537 Ut
1214 2473 1336 2554 opinor
1345 2499 1352 2549 ;

158 2590 240 2663 iam,
272 2597 375 2673 atque
408 2591 504 2667 hanc,
539 2593 737 2674 praesertim
769 2595 997 2676 praecedente
1027 2594 1171 2669 literae,
1197 2592 1295 2656 facile
1320 2593 1353 2654 in

155 2708 257 2771 ettam
294 2712 466 2793 corrumpi
500 2713 650 2794 potuisse
683 2713 826 2795 quisque
856 2712 1025 2795 intelligit.
1061 2711 1180 2793 ,Quod
1214 2712 1353 2787 facinus

156 2829 449 2907 quemadmodum
486 2830 605 2912 vulgus
641 2831 730 2894 haud
766 2840 895 2894 temere
925 2852 944 2893 e
978 2831 1145 2913 portentis
1172 2832 1353 2906 efficiebat,

156 2947 391 3028 gravissimam
415 2949 557 3012 deorum
582 2951 664 3012 iram
690 2951 909 3032 provocabat,
935 2950 1053 3014 eiiam
1076 2950 1172 3012 multi
1194 2950 1353 3012 mortales

156 3064 414 3146 ignoscebant.”
454 3067 642 3150 Aptissima
680 3090 769 3132 nunc
800 3070 969 3151 sequitur:
1006 3071 1182 3151 ,antiquas
1213 3069 1353 3132 sratrum

159 3183 346 3248 discordias
377 3195 412 3248 et
444 3187 640 3250 insociabile
669 3208 809 3270 regnum
840 3187 1092 3251 aestimantes”
1122 3188 1160 3249 In
1186 3189 1269 3250 deos
1294 3188 1354 3249 irn-

160 3303 321 3367 mortales
355 3305 521 3368 eiusmodi
557 3306 849 3385 „aestimationes”
882 3327 949 3369 non
982 3307 1165 3369 convenire
1198 3325 1250 3367 res
1282 3306 1355 3387 ipsa

159 3420 320 3503 loquitur.

205 3659 248 3723 A.
276 3661 373 3736 XIII,
397 3680 451 3743 43.
484 3661 620 3726 Suillius
650 3661 798 3727 famosus
829 3664 883 3726 ille
916 3665 1105 3747 imperante
1130 3664 1273 3728 Claudio
1298 3666 1355 3729 de·

155 3777 246 3841 lator
281 3781 422 3843 tandem
458 3781 653 3863 aliquando,
685 3783 764 3864 quia
796 3782 946 3846 Senecae
977 3786 1061 3847 iram
1093 3785 1224 3848 acerbis
1254 3786 1356 3850 dictis

156 3908 314 3961 moverat
337 3907 526 3973 accusatur,
552 3900 751 3962 damnatur:

207 4017 260 4096 ,in
289 4017 413 4080 insulas
446 4018 601 4081 Baleares
633 4018 778 4100 pellitur,
807 4040 875 4082 non
900 4021 933 4083 in
958 4023 1032 4104 ipso
1057 4024 1260 4098 discrimine,
1287 4045 1356 4087 non

159 4144 240 4218 post
274 4137 530 4199 damnationem
563 4137 687 4200 fractus
718 4139 849 4214 animo,
882 4139 1119 4224 ferebaturque
1151 4145 1290 4226 copiosa
1322 4152 1356 4206 et

161 4254 255 4318 molli
280 4255 351 4317 vita
374 4263 543 4318 secretum
567 4255 648 4318 illud
673 4257 903 4320 toleravisse.'’

207 4373 289 4436 Post
316 4383 463 4437 mortem
487 4372 594 4437 Suillii
618 4375 660 4438 de
686 4376 788 4452 victu,
812 4398 914 4458 quem
939 4378 1018 4440 exul
1042 4382 1160 4461 egerit,
1184 4400 1358 4444 sermones
