3210 5274
630 373 693 454 287

65 558 241 632 praeterea
271 550 409 613 affertur
440 550 532 613 Anu.
558 550 618 625 VI,
643 568 696 628 40,
727 552 761 613 in
786 570 927 614 numero
950 551 1113 614 alterutro
1138 551 1256 614 vitium

63 668 268 750 typothetae
292 669 398 733 latere
423 669 566 733 videtur.

110 906 153 969 H.
175 905 219 981 V,
236 925 269 987 4.
295 907 347 970 De
369 907 518 971 moribus
539 908 741 971 ludaeorum
758 902 797 970 'et
816 907 882 970 alia
901 917 936 970 et
954 907 1039 971 haec
1059 909 1255 983 traduntur:

112 1027 288 1109 „Longam
321 1027 401 1109 olim
433 1027 557 1090 famem
589 1027 715 1090 crebris
743 1026 854 1090 adhuc
878 1028 1009 1091 ieiuniis
1032 1027 1197 1104 fatentur3
1224 1036 1258 1091 et

63 1156 236 1229 raptarum
260 1147 393 1229 frugum
418 1154 655 1229 argumentum
680 1147 777 1230 panis
801 1147 956 1210 Iudaicus
977 1146 1069 1209 nullo
1090 1145 1258 1210 fermento

63 1264 256 1328 detinetur”
278 1264 309 1347 Ι).

108 1385 186 1448 Non
218 1406 372 1469 repugno
404 1388 585 1469 quominus
614 1385 782 1449 vocabula
804 1405 837 1468 q.
858 1406 883 1448 s.
907 1397 1087 1469 raptarum
1104 1388 1256 1470 frugum

60 1505 107 1567 sic
135 1506 399 1587 interpretemur
423 1515 460 1569 ut
485 1506 523 1568 iis
547 1505 756 1588 significetur
780 1505 952 1587 quondam
978 1505 1123 1568 ludaeos
1147 1505 1258 1587 fruges

59 1623 147 1686 sicut
171 1644 228 1686 eas
252 1625 294 1686 de
318 1644 400 1707 agro
421 1632 606 1707 rapuerant
625 1624 825 1699 comedisse,
846 1644 908 1687 nec
929 1623 1019 1686 sacta
1039 1625 1118 1686 inde
1139 1624 1257 1698 farina,

59 1762 122 1805 nec
143 1744 249 1806 coctis
269 1743 332 1805 illis
353 1743 463 1806 aliove
485 1744 588 1806 modo
608 1744 767 1806 subactis.
793 1742 922 1806 Verum
944 1744 1048 1824 ipsius
1068 1744 1115 1805 rei
1128 1745 1258 1805 mentio

59 1862 93 1924 in
125 1863 408 1945 praecedentibus
439 1863 530 1926 facta
560 1883 633 1926 esse
666 1862 832 1937 debebat;
865 1871 900 1925 at
932 1871 984 1925 est
1015 1865 1058 1926 de
1086 1883 1127 1925 ea
1150 1861 1257 1925 altum

59 1982 242 2057 silentium,
275 2002 338 2045 nec
370 1983 481 2045 minus
513 1982 556 2044 de
587 1981 689 2064 longa
721 1981 776 2045 illa
807 1981 906 2044 fame.
939 1979 1157 2063 Quapropter
1188 2000 1256 2043 non

59 2103 131 2164 sine
163 2122 264 2165 causa
288 2103 441 2185 suspicor
465 2123 483 2165 e
507 2122 536 2164 c.
561 2101 779 2184 praecedenti
805 2100 972 2163 excidisse
997 2101 1165 2183 quaedam
1174 2126 1181 2175 ;
1207 2108 1257 2163 at·

60 2242 126 2303 que
159 2230 272 2285 exstat
304 2222 351 2285 ibi
383 2220 476 2285 locus
497 2221 587 2284 haud
612 2221 715 2284 dubie
740 2220 928 2283 lacunosus.
955 2219 1139 2301 Postquam
1164 2219 1255 2282 enim

59 2350 231 2403 narratum
255 2350 315 2415 est,
337 2360 404 2422 qua
424 2339 628 2402 allocutione
650 2339 789 2421 Moyses
808 2338 936 2401 solatus
955 2339 999 2401 sit
1020 2338 1139 2420 vulgus
1152 2339 1257 2401 vastis

60 2460 214 2523 relictum
239 2461 332 2535 locis,
357 2458 441 2522 haec
465 2467 670 2541 sequuntur:

106 2582 314 2661 „Assensere
344 2589 447 2662 atque
481 2579 631 2642 omnium
659 2579 766 2661 ignari
790 2579 967 2642 fortuitum
992 2579 1056 2641 iter
1078 2577 1256 2661 incipiunt.

59 2698 126 2764 Sed
151 2699 234 2761 nihil
259 2720 367 2780 aeque
392 2718 495 2781 quam
520 2699 635 2782 inopia
658 2718 766 2781 aquae
792 2697 991 2780 fatigabat.'’

103 2819 156 2881 De
188 2819 262 2881 aliis
292 2820 462 2881 aerumnis
493 2819 560 2882 iam
591 2817 742 2880 locutum
773 2838 846 2880 esse
870 2817 1037 2893 Tacitum,
1069 2837 1147 2880 cum
1172 2816 1253 2881 illud

57 2939 118 3001 sed
139 2938 277 3001 nihile.
302 2959 335 3019 q.
360 2959 386 3000 s.
411 2944 565 3020 poneret,
590 2936 671 2998 mihi
696 2936 836 3018 quidem
860 2945 1004 2999 constat.

104 3058 283 3120 Praeterea
304 3077 366 3140 pro
386 3058 550 3121 detinetur
572 3064 687 3118 nostro
706 3054 784 3117 loco
803 3055 966 3118 retinetur
984 3055 1167 3137 legendum
1186 3064 1253 3120 est:

56 3178 243 3242 retinentur
263 3178 353 3240 enim
375 3197 435 3239 eae
457 3197 518 3252 res,
539 3175 662 3257 quibus
680 3174 842 3256 pristinae
855 3175 902 3237 rei
914 3184 1067 3238 servatur
1079 3177 1253 3240 memoria.

101 3416 145 3479 H.
171 3415 214 3491 V,
238 3430 267 3496 5.
302 3415 505 3478 ludaeorum
533 3412 655 3495 religio
686 3420 853 3494 quantum
885 3410 1018 3475 differat
1041 3414 1085 3476 ab
1109 3415 1251 3498 Aegyp-

50 3537 179 3598 tiorum
204 3534 258 3596 vel
285 3535 431 3596 maxime
457 3534 721 3616 hincapparet:

102 3652 289 3735 „Aegyptii
321 3652 483 3734 pleraque
516 3651 673 3714 animalia
698 3651 894 3732 effigiesque
918 3653 1124 3732 compositas
1150 3675 1250 3717 vene·

50 3781 186 3847 rantur;
213 3772 330 3834 ludaei
355 3779 469 3833 mente
493 3770 565 3833 sola
589 3789 761 3851 unumque
785 3789 911 3832 numen
934 3769 1151 3853 intellegunt:
1175 3794 1250 3855 pro·

51 3890 159 3965 fanos,
183 3891 241 3972 qui
266 3891 367 3953 deum
393 3891 556 3972 imagines
581 3889 780 3952 mortalibus
804 3890 953 3951 materiis
977 3891 1010 3953 in
1035 3893 1166 3972 species
1189 3894 1248 3956 ho·

52 4012 182 4073 minum
206 4011 385 4092 effingant:
411 4028 580 4072 summum
600 4008 682 4071 illud
703 4017 738 4070 et
757 4016 933 4070 aeternum
955 4029 1065 4092 neque
1086 4012 1250 4075 imitabile

54 4150 163 4213 neque
187 4129 437 4193 interiturum.”

88 4386 113 4453 ι)
133 4388 164 4435 ln
184 4387 298 4450 imagine
317 4388 415 4436 codicis
434 4389 606 4452 phototypica
625 4388 678 4451 legi
698 4386 792 4450 nequit
811 4387 854 4436 bic
873 4387 955 4437 locus.
