3210 5274
788 361 830 441 87

204 537 375 619 leguntur,
410 545 526 600 tamen
562 558 666 620 prave
701 539 907 600 sententiam
943 540 1161 619 distinguere.
1195 539 1405 602 Addendum

203 664 294 719 erat:
317 676 384 718 non
406 676 506 738 posse
527 676 585 719 eos
606 657 747 738 antiquo
767 677 867 720 sensu
888 659 1112 721 Romanorum
1130 658 1197 720 dici
1214 658 1405 740 populares.

252 775 296 837 H.
323 775 348 849 l,
372 793 426 854 44.
452 775 505 837 De
530 777 636 838 caede
662 776 791 840 Pisonis
815 777 899 839 haec
924 776 1083 858 legimus:

253 893 410 972 „Nullam
442 895 584 957 caedem
616 892 710 957 Otho
743 897 869 958 maiore
901 896 1031 959 laetitia
1063 897 1248 978 excepisse,
1278 896 1404 960 nullum

202 1022 309 1096 caput
342 1022 413 1076 tam
445 1014 693 1076 insatiabilibus
718 1014 824 1076 oculis
848 1014 1068 1096 perlustrasse
1092 1014 1224 1089 dicitur,
1249 1034 1307 1076 seu
1332 1023 1405 1077 tum

204 1133 354 1215 primum
378 1132 491 1195 levata
515 1133 608 1195 omni
632 1132 859 1196 sollicitudine
880 1153 977 1196 mens
998 1153 1117 1196 vacare
1137 1134 1263 1215 gaudio
1284 1154 1405 1216 coepe-

204 1261 269 1329 rat,
304 1273 362 1315 seu
398 1253 591 1316 recordatio
623 1253 809 1316 maiestatis
840 1254 873 1316 in
906 1252 1025 1328 Galba,
1057 1254 1226 1317 amicitiae
1258 1254 1292 1316 in
1326 1255 1405 1317 Tito

207 1372 313 1435 Vinio
345 1373 502 1454 quamvis
533 1373 687 1435 inmitem
719 1373 869 1436 animum
901 1374 1048 1456 imagine
1076 1374 1162 1437 tristi
1186 1374 1404 1437 confuderat:

207 1491 338 1554 Pisonis
358 1500 395 1554 ut
415 1491 542 1553 inimici
561 1500 595 1553 et
613 1492 736 1554 aemuli
754 1493 860 1555 caede
876 1491 994 1556 laetari
1013 1493 1063 1554 ius
1080 1492 1196 1574 sasque
1209 1493 1404 1557 credebat”.

252 1612 332 1675 Post
364 1612 566 1694 confuderat
597 1631 664 1673 non
695 1611 869 1674 distinctio
902 1613 1009 1674 maior
1031 1613 1091 1674 sed
1117 1613 1246 1694 virgula
1269 1623 1321 1676 est
1344 1634 1405 1697 po·

203 1732 335 1807 nenda;
358 1731 663 1804 coordinationem,
683 1739 720 1792 ut
737 1730 921 1812 loquuntur
936 1732 1159 1812 grammatici,
1172 1731 1227 1793 hic
1240 1732 1405 1796 habemus

202 1871 266 1934 pro
284 1850 578 1925 subordinatione,
597 1859 717 1931 estque
735 1850 840 1913 totius
854 1851 919 1912 loci
932 1871 987 1913 seu
1000 1852 1188 1916 recordatio
1199 1888 1242 1897 —
1255 1853 1407 1917 credebat

202 1969 344 2032 schema
373 1969 455 2032 hoc:
492 1989 580 2049 ,seu,
609 1988 687 2031 cum
711 1969 744 2030 in
770 1967 880 2032 Galba
903 1977 938 2031 et
964 1968 1068 2032 Vinio
1091 1971 1252 2051 gaudium
1277 1972 1405 2052 aliqua·

202 2099 303 2153 tenus
329 2099 421 2152 certe
446 2089 672 2162 minuebatur,
697 2089 739 2151 de
765 2088 895 2150 Pisonis
918 2097 1027 2150 morte
1052 2089 1181 2153 laetitia
1205 2089 1306 2172 plena
1330 2111 1405 2172 per·

204 2208 365 2291 sectaque
389 2208 494 2271 erat”.

251 2327 295 2390 H.
322 2327 348 2403 Ι,
373 2328 426 2390 66.
462 2327 595 2406 ,Lento
626 2327 705 2389 dein
739 2326 874 2408 agmine
906 2347 966 2409 per
997 2326 1081 2389 fines
1112 2326 1340 2410 Allobrogum
1364 2349 1404 2392 ac

206 2447 456 2510 Vocontiorum
487 2447 610 2509 ductus
638 2446 816 2519 exercitus,
841 2447 914 2528 ipsa
938 2447 1096 2510 itinerum
1120 2448 1230 2528 spatia
1254 2456 1288 2510 et
1311 2450 1405 2511 stati·

204 2585 325 2629 vorum
351 2566 556 2628 mutationes
580 2565 780 2627 venditante
804 2564 922 2640 duce”,
950 2566 1090 2646 (Valens
1109 2566 1163 2628 ille
1185 2576 1245 2641 est,
1268 2567 1405 2631 alterius

203 2685 375 2749 exercitus
399 2683 574 2747 Vitelliani
599 2684 681 2765 dux)
710 2683 837 2762 ,foedis
857 2684 1072 2766 pactionibus
1091 2687 1254 2747 adversus
1274 2707 1404 2769 posses-

203 2825 298 2868 sores
330 2823 487 2886 agrorum
520 2811 554 2865 et
586 2803 803 2883 magistratus
831 2803 1018 2877 civitatum,
1043 2804 1131 2866 adeo
1156 2805 1341 2880 minaciter,
1367 2815 1404 2868 ut

205 2925 302 2987 Luco
322 2922 555 3006 (municipium
577 2922 612 2985 id
633 2920 881 2985 Vocontiorum
899 2924 961 3005 est)
976 2922 1065 2985 laces
1077 2924 1279 2998 admoverit,
1294 2925 1403 2987 donec

204 3043 351 3126 pecunia
374 3039 618 3123 mitigaretur’'.

250 3162 525 3243 Languidissima
554 3161 725 3223 sententia
757 3160 864 3222 multo
896 3160 954 3223 fiet
985 3161 1172 3242 elegantior
1203 3163 1229 3224 si
1262 3163 1309 3225 sic
1338 3163 1404 3226 dis·

204 3285 355 3365 tingues:
391 3281 610 3362 ,venditante
643 3281 730 3343 duce
758 3280 866 3343 foedis
891 3282 1116 3362 pactionibus
1142 3283 1303 3345 adversus
1327 3303 1404 3365 pos·

203 3422 352 3466 sessores
384 3421 541 3483 agrorum
574 3410 608 3463 et
642 3399 857 3481 magistratus
888 3400 1064 3462 civitatum
1096 3403 1184 3463 adeo
1217 3403 1403 3472 minaciter,

202 3531 241 3585 ut
274 3521 371 3584 Luco
395 3541 424 3583 e.
449 3541 482 3602 q.
506 3520 556 3583 s.”
590 3520 707 3582 Foede
740 3518 976 3601 paciscebatur
1006 3528 1041 3581 et
1070 3521 1269 3582 venditabat
1293 3523 1403 3602 spatia

203 3642 364 3704 itinerum
389 3647 423 3702 et
447 3639 648 3702 stativorum
673 3639 888 3712 mutationes
914 3645 1017 3719 atque
1042 3638 1075 3700 in
1095 3658 1136 3700 ea
1157 3640 1402 3702 nundinatione

202 3770 276 3823 tam
307 3760 389 3823 diris
419 3759 581 3821 adversus
608 3775 819 3838 possessores
843 3776 1000 3838 agrorum
1025 3767 1060 3820 et
1085 3760 1300 3839 magistratus
1323 3761 1403 3823 civi·

204 3888 314 3942 tatum
352 3878 451 3941 minis
486 3877 645 3939 utebatur
680 3883 718 3937 ut
755 3875 850 3936 Luco
874 3895 903 3936 e.
929 3894 962 3955 q.
988 3896 1013 3937 s.
1046 3875 1147 3957 Quod
1180 3898 1269 3941 nunc
1301 3900 1405 3942 unum

204 3996 402 4080 exemplum
434 3996 595 4076 sequitur,
620 4015 639 4056 e
664 4013 733 4075 quo
757 3993 880 4074 quibus
903 3993 1066 4056 adversus
1090 3996 1312 4078 magistratus
1335 4010 1406 4061 tan·

204 4116 371 4181 tummado
391 4135 469 4178 usus
488 4116 531 4176 sit
553 4115 652 4176 minis
671 4121 824 4195 apparet,
846 4112 1031 4175 tolerabilis
1051 4123 1102 4175 est
1124 4117 1273 4178 durities.
1296 4117 1406 4180 Multo

206 4243 299 4297 certe
325 4234 488 4316 ingratius
511 4234 544 4294 in
566 4232 693 4294 tradita
712 4231 755 4293 ab
777 4231 965 4292 editoribus
985 4232 1204 4296 distinctione
1224 4234 1305 4297 illud
1327 4236 1407 4298 adeo

208 4353 384 4415 minaciter
408 4371 438 4413 e.
459 4362 494 4432 q.
513 4371 538 4412 s
564 4349 849 4432 praecedentibus
873 4349 945 4411 sine
970 4349 1037 4412 ullo
1061 4353 1218 4415 adiicitur
1239 4354 1384 4416 vinculo
