<?xml version="1.0" encoding="UTF-8"?>
<!DOCTYPE html PUBLIC "-//W3C//DTD XHTML 1.0 Transitional//EN"
    "http://www.w3.org/TR/xhtml1/DTD/xhtml1-transitional.dtd">
<html xmlns="http://www.w3.org/1999/xhtml" xml:lang="en" lang="en">
 <head>
  <title>
</title>
<meta http-equiv="Content-Type" content="text/html;charset=utf-8" />
  <meta name='ocr-system' content='tesseract 3.04.00' />
  <meta name='ocr-capabilities' content='ocr_page ocr_carea ocr_par ocr_line ocrx_word'/>
</head>
<body>
  <div class='ocr_page' id='page_1' title='image "./analectatacitea00hartgoog_0097.png"; bbox 0 0 3210 5274; ppageno 0'>
   <div class='ocr_carea' id='block_1_1' title="bbox 786 361 830 423">
    <p class='ocr_par' dir='ltr' id='par_1_1' title="bbox 786 361 830 423">
     <span class='ocr_line' id='line_1_1' title="bbox 786 361 830 423; baseline 0.023 -1"><span class='ocrx_word' id='word_1_1' title='bbox 786 361 830 423; x_wconf 91' lang='lat'>86</span> 
     </span>
    </p>
   </div>
   <div class='ocr_carea' id='block_1_2' title="bbox 201 541 1400 3602">
    <p class='ocr_par' dir='ltr' id='par_1_2' title="bbox 204 541 1400 2153">
     <span class='ocr_line' id='line_1_2' title="bbox 205 541 1400 625; baseline 0 -19"><span class='ocrx_word' id='word_1_2' title='bbox 205 542 283 616; x_wconf 84' lang='lat' dir='ltr'>Sed,</span> <span class='ocrx_word' id='word_1_3' title='bbox 311 543 372 605; x_wconf 90' lang='lat' dir='ltr'>nisi</span> <span class='ocrx_word' id='word_1_4' title='bbox 397 543 532 625; x_wconf 81' lang='lat' dir='ltr'>egregie</span> <span class='ocrx_word' id='word_1_5' title='bbox 553 541 659 616; x_wconf 84' lang='lat' dir='ltr'>fallor,</span> <span class='ocrx_word' id='word_1_6' title='bbox 680 543 727 604; x_wconf 92' lang='lat' dir='ltr'>sic</span> <span class='ocrx_word' id='word_1_7' title='bbox 748 542 887 605; x_wconf 87' lang='lat' dir='ltr'><strong>Tacitus</strong></span> <span class='ocrx_word' id='word_1_8' title='bbox 906 542 1058 624; x_wconf 83' lang='lat' dir='ltr'>scripsit:</span> <span class='ocrx_word' id='word_1_9' title='bbox 1083 550 1136 622; x_wconf 82' lang='lat' dir='ltr'>„et</span> <span class='ocrx_word' id='word_1_10' title='bbox 1156 541 1247 604; x_wconf 87' lang='lat' dir='ltr'>laeta</span> <span class='ocrx_word' id='word_1_11' title='bbox 1267 543 1400 623; x_wconf 90' lang='lat' dir='ltr'>quidem</span> 
     </span>
     <span class='ocr_line' id='line_1_3' title="bbox 205 660 1399 745; baseline -0.002 -21"><span class='ocrx_word' id='word_1_12' title='bbox 205 665 237 725; x_wconf 96' lang='lat' dir='ltr'>in</span> <span class='ocrx_word' id='word_1_13' title='bbox 260 683 419 745; x_wconf 91' lang='lat' dir='ltr'>praesens</span> <span class='ocrx_word' id='word_1_14' title='bbox 441 663 563 738; x_wconf 91' lang='lat' dir='ltr'>omnia,</span> <span class='ocrx_word' id='word_1_15' title='bbox 585 662 644 724; x_wconf 87' lang='lat' dir='ltr'>sed</span> <span class='ocrx_word' id='word_1_16' title='bbox 667 662 870 743; x_wconf 86' lang='lat' dir='ltr'>benignitati</span> <span class='ocrx_word' id='word_1_17' title='bbox 891 662 993 724; x_wconf 91' lang='lat' dir='ltr'>deum</span> <span class='ocrx_word' id='word_1_18' title='bbox 1013 662 1159 742; x_wconf 85' lang='lat' dir='ltr'>gratiam</span> <span class='ocrx_word' id='word_1_19' title='bbox 1180 660 1399 723; x_wconf 82' lang='lat' dir='ltr'>referendam.</span> 
     </span>
     <span class='ocr_line' id='line_1_4' title="bbox 206 780 1400 864; baseline -0.003 -19"><span class='ocrx_word' id='word_1_20' title='bbox 206 784 258 845; x_wconf 94' lang='lat' dir='ltr'>Ne</span> <span class='ocrx_word' id='word_1_21' title='bbox 290 785 372 845; x_wconf 89' lang='lat' dir='ltr'>ritus</span> <span class='ocrx_word' id='word_1_22' title='bbox 397 819 440 828; x_wconf 89' lang='lat'>-</span> <span class='ocrx_word' id='word_1_23' title='bbox 463 781 773 844; x_wconf 89' lang='lat' dir='ltr'>oblitterarentur”.</span> <span class='ocrx_word' id='word_1_24' title='bbox 805 780 992 864; x_wconf 88' lang='lat' dir='ltr'>Aptissime</span> <span class='ocrx_word' id='word_1_25' title='bbox 1025 781 1119 862; x_wconf 92' lang='lat' dir='ltr'>gravi</span> <span class='ocrx_word' id='word_1_26' title='bbox 1152 782 1216 843; x_wconf 89' lang='lat' dir='ltr'>hac</span> <span class='ocrx_word' id='word_1_27' title='bbox 1250 781 1400 843; x_wconf 90' lang='lat' dir='ltr'>admoni-</span> 
     </span>
     <span class='ocr_line' id='line_1_5' title="bbox 204 898 1398 980; baseline -0.003 -16"><span class='ocrx_word' id='word_1_28' title='bbox 204 903 297 964; x_wconf 92' lang='lat' dir='ltr'>tione</span> <span class='ocrx_word' id='word_1_29' title='bbox 319 902 508 964; x_wconf 81' lang='lat' dir='ltr'>orationem</span> <span class='ocrx_word' id='word_1_30' title='bbox 529 921 624 963; x_wconf 92' lang='lat' dir='ltr'>suam</span> <span class='ocrx_word' id='word_1_31' title='bbox 644 901 804 964; x_wconf 89' lang='lat' dir='ltr'>Claudius</span> <span class='ocrx_word' id='word_1_32' title='bbox 822 900 910 963; x_wconf 90' lang='lat' dir='ltr'>finit:</span> <span class='ocrx_word' id='word_1_33' title='bbox 934 921 996 980; x_wconf 85' lang='lat' dir='ltr'>,ne</span> <span class='ocrx_word' id='word_1_34' title='bbox 1015 948 1113 962; x_wconf 90' lang='grc'><strong>.....</strong></span> <span class='ocrx_word' id='word_1_35' title='bbox 1131 898 1398 972; x_wconf 89' lang='lat' dir='ltr'>oblitterentur&#39;&#39;,</span> 
     </span>
     <span class='ocr_line' id='line_1_6' title="bbox 205 1019 1399 1102; baseline -0.003 -20"><span class='ocrx_word' id='word_1_36' title='bbox 205 1030 364 1102; x_wconf 90' lang='lat' dir='ltr'>recteque</span> <span class='ocrx_word' id='word_1_37' title='bbox 396 1022 443 1082; x_wconf 96' lang='lat' dir='ltr'>sic</span> <span class='ocrx_word' id='word_1_38' title='bbox 475 1021 623 1082; x_wconf 87' lang='lat' dir='ltr'>narratio</span> <span class='ocrx_word' id='word_1_39' title='bbox 655 1039 744 1082; x_wconf 90' lang='lat' dir='ltr'>nunc</span> <span class='ocrx_word' id='word_1_40' title='bbox 777 1020 904 1102; x_wconf 90' lang='lat' dir='ltr'>pergit:</span> <span class='ocrx_word' id='word_1_41' title='bbox 941 1019 1086 1099; x_wconf 80' lang='lat' dir='ltr'>„sactum</span> <span class='ocrx_word' id='word_1_42' title='bbox 1118 1039 1161 1080; x_wconf 88' lang='lat' dir='ltr'>ex</span> <span class='ocrx_word' id='word_1_43' title='bbox 1186 1038 1229 1081; x_wconf 89' lang='lat' dir='ltr'>eo</span> <span class='ocrx_word' id='word_1_44' title='bbox 1253 1029 1399 1082; x_wconf 90' lang='lat' dir='ltr'>senatus·</span> 
     </span>
     <span class='ocr_line' id='line_1_7' title="bbox 205 1137 1399 1220; baseline -0.002 -19"><span class='ocrx_word' id='word_1_45' title='bbox 205 1137 396 1201; x_wconf 90' lang='lat' dir='ltr'>consultum</span> <span class='ocrx_word' id='word_1_46' title='bbox 422 1158 450 1200; x_wconf 92' lang='lat' dir='ltr'>e.</span> <span class='ocrx_word' id='word_1_47' title='bbox 476 1159 508 1219; x_wconf 93' lang='lat' dir='ltr'>q.</span> <span class='ocrx_word' id='word_1_48' title='bbox 533 1137 592 1201; x_wconf 89' lang='lat' dir='ltr'>s.”.</span> <span class='ocrx_word' id='word_1_49' title='bbox 620 1138 797 1201; x_wconf 90' lang='lat' dir='ltr'>Praeterea</span> <span class='ocrx_word' id='word_1_50' title='bbox 817 1138 889 1219; x_wconf 90' lang='lat' dir='ltr'>ipsa</span> <span class='ocrx_word' id='word_1_51' title='bbox 910 1158 1048 1220; x_wconf 90' lang='lat' dir='ltr'>quoque</span> <span class='ocrx_word' id='word_1_52' title='bbox 1069 1157 1156 1220; x_wconf 92' lang='lat' dir='ltr'>quae</span> <span class='ocrx_word' id='word_1_53' title='bbox 1176 1139 1399 1201; x_wconf 88' lang='lat' dir='ltr'>antecedunt:</span> 
     </span>
     <span class='ocr_line' id='line_1_8' title="bbox 208 1255 1399 1339; baseline -0.002 -18"><span class='ocrx_word' id='word_1_54' title='bbox 208 1259 286 1338; x_wconf 91' lang='lat' dir='ltr'>,sed</span> <span class='ocrx_word' id='word_1_55' title='bbox 310 1259 513 1339; x_wconf 86' lang='lat' dir='ltr'>benignitati</span> <span class='ocrx_word' id='word_1_56' title='bbox 536 1258 638 1320; x_wconf 92' lang='lat' dir='ltr'>deum</span> <span class='ocrx_word' id='word_1_57' title='bbox 658 1259 801 1338; x_wconf 90' lang='lat' dir='ltr'>gratiam</span> <span class='ocrx_word' id='word_1_58' title='bbox 823 1255 1057 1320; x_wconf 82' lang='lat' dir='ltr'>reserendam&#39;’</span> <span class='ocrx_word' id='word_1_59' title='bbox 1079 1278 1167 1320; x_wconf 95' lang='lat' dir='ltr'>nunc</span> <span class='ocrx_word' id='word_1_60' title='bbox 1189 1257 1301 1320; x_wconf 87' lang='lat' dir='ltr'>multo</span> <span class='ocrx_word' id='word_1_61' title='bbox 1321 1257 1399 1320; x_wconf 87' lang='lat' dir='ltr'>liunt</span> 
     </span>
     <span class='ocr_line' id='line_1_9' title="bbox 205 1375 1399 1459; baseline -0.001 -20"><span class='ocrx_word' id='word_1_62' title='bbox 205 1379 392 1440; x_wconf 89' lang='lat' dir='ltr'>disertiora.</span> <span class='ocrx_word' id='word_1_63' title='bbox 414 1377 490 1439; x_wconf 93' lang='lat' dir='ltr'>Hoc</span> <span class='ocrx_word' id='word_1_64' title='bbox 510 1377 601 1439; x_wconf 92' lang='lat' dir='ltr'>enim</span> <span class='ocrx_word' id='word_1_65' title='bbox 623 1377 706 1439; x_wconf 92' lang='lat' dir='ltr'>dicit</span> <span class='ocrx_word' id='word_1_66' title='bbox 726 1376 902 1440; x_wconf 89' lang='lat' dir='ltr'>Claudius:</span> <span class='ocrx_word' id='word_1_67' title='bbox 928 1376 980 1456; x_wconf 82' lang='lat' dir='ltr'>,in</span> <span class='ocrx_word' id='word_1_68' title='bbox 1000 1396 1161 1459; x_wconf 89' lang='lat' dir='ltr'>praesens</span> <span class='ocrx_word' id='word_1_69' title='bbox 1181 1375 1273 1439; x_wconf 90' lang='lat' dir='ltr'>laeta</span> <span class='ocrx_word' id='word_1_70' title='bbox 1291 1377 1399 1438; x_wconf 88' lang='lat' dir='ltr'>omnia</span> 
     </span>
     <span class='ocr_line' id='line_1_10' title="bbox 204 1495 1398 1578; baseline -0.002 -20"><span class='ocrx_word' id='word_1_71' title='bbox 204 1506 293 1572; x_wconf 87' lang='lat' dir='ltr'>sunt,</span> <span class='ocrx_word' id='word_1_72' title='bbox 326 1517 405 1571; x_wconf 89' lang='lat' dir='ltr'>non,</span> <span class='ocrx_word' id='word_1_73' title='bbox 431 1497 577 1571; x_wconf 89' lang='lat' dir='ltr'>hercule,</span> <span class='ocrx_word' id='word_1_74' title='bbox 602 1504 718 1558; x_wconf 93' lang='lat' dir='ltr'>nostra</span> <span class='ocrx_word' id='word_1_75' title='bbox 742 1514 863 1578; x_wconf 90' lang='lat' dir='ltr'>opera:</span> <span class='ocrx_word' id='word_1_76' title='bbox 889 1514 951 1557; x_wconf 93' lang='lat' dir='ltr'>nos</span> <span class='ocrx_word' id='word_1_77' title='bbox 975 1495 1065 1557; x_wconf 91' lang='lat' dir='ltr'>enim</span> <span class='ocrx_word' id='word_1_78' title='bbox 1089 1495 1194 1557; x_wconf 91' lang='lat' dir='ltr'>etiam</span> <span class='ocrx_word' id='word_1_79' title='bbox 1219 1495 1253 1557; x_wconf 91' lang='lat' dir='ltr'>in</span> <span class='ocrx_word' id='word_1_80' title='bbox 1279 1496 1398 1577; x_wconf 87' lang='lat' dir='ltr'>gravis·</span> 
     </span>
     <span class='ocr_line' id='line_1_11' title="bbox 205 1613 1398 1696; baseline -0.002 -17"><span class='ocrx_word' id='word_1_81' title='bbox 205 1617 297 1679; x_wconf 89' lang='lat' dir='ltr'>simis</span> <span class='ocrx_word' id='word_1_82' title='bbox 317 1616 417 1678; x_wconf 91' lang='lat' dir='ltr'>rebus</span> <span class='ocrx_word' id='word_1_83' title='bbox 435 1616 595 1678; x_wconf 90' lang='lat' dir='ltr'>socordes</span> <span class='ocrx_word' id='word_1_84' title='bbox 615 1635 740 1689; x_wconf 89' lang='lat' dir='ltr'>sumus,</span> <span class='ocrx_word' id='word_1_85' title='bbox 760 1616 819 1677; x_wconf 90' lang='lat' dir='ltr'>sed</span> <span class='ocrx_word' id='word_1_86' title='bbox 841 1613 1000 1696; x_wconf 89' lang='lat' dir='ltr'>singulari</span> <span class='ocrx_word' id='word_1_87' title='bbox 1019 1616 1162 1677; x_wconf 92' lang='lat' dir='ltr'>deorum</span> <span class='ocrx_word' id='word_1_88' title='bbox 1180 1613 1398 1696; x_wconf 89' lang='lat' dir='ltr'>benignitate,</span> 
     </span>
     <span class='ocr_line' id='line_1_12' title="bbox 205 1733 1398 1816; baseline -0.003 -19"><span class='ocrx_word' id='word_1_89' title='bbox 205 1735 328 1816; x_wconf 92' lang='lat' dir='ltr'>quibus</span> <span class='ocrx_word' id='word_1_90' title='bbox 360 1755 506 1816; x_wconf 82' lang='lat' dir='ltr'>aequum</span> <span class='ocrx_word' id='word_1_91' title='bbox 538 1743 588 1797; x_wconf 91' lang='lat' dir='ltr'>est</span> <span class='ocrx_word' id='word_1_92' title='bbox 619 1743 753 1815; x_wconf 90' lang='lat' dir='ltr'>gratum</span> <span class='ocrx_word' id='word_1_93' title='bbox 781 1754 843 1796; x_wconf 90' lang='lat' dir='ltr'>nos</span> <span class='ocrx_word' id='word_1_94' title='bbox 867 1733 983 1796; x_wconf 91' lang='lat' dir='ltr'>testari</span> <span class='ocrx_word' id='word_1_95' title='bbox 1008 1735 1159 1796; x_wconf 91' lang='lat' dir='ltr'>animum</span> <span class='ocrx_word' id='word_1_96' title='bbox 1183 1734 1285 1796; x_wconf 94' lang='lat' dir='ltr'>donis</span> <span class='ocrx_word' id='word_1_97' title='bbox 1310 1733 1398 1796; x_wconf 87' lang='lat' dir='ltr'>victi·</span> 
     </span>
     <span class='ocr_line' id='line_1_13' title="bbox 205 1851 1397 1935; baseline -0.002 -20"><span class='ocrx_word' id='word_1_98' title='bbox 205 1852 369 1935; x_wconf 86' lang='lat' dir='ltr'>misque&#39;’.</span> <span class='ocrx_word' id='word_1_99' title='bbox 391 1853 463 1915; x_wconf 92' lang='lat' dir='ltr'>Nos</span> <span class='ocrx_word' id='word_1_100' title='bbox 484 1873 620 1935; x_wconf 92' lang='lat' dir='ltr'>quoque</span> <span class='ocrx_word' id='word_1_101' title='bbox 640 1873 742 1935; x_wconf 90' lang='lat' dir='ltr'>saepe</span> <span class='ocrx_word' id='word_1_102' title='bbox 762 1852 936 1915; x_wconf 91' lang='lat' dir='ltr'>hominem</span> <span class='ocrx_word' id='word_1_103' title='bbox 958 1851 1188 1934; x_wconf 88' lang='lat' dir='ltr'>negligentem</span> <span class='ocrx_word' id='word_1_104' title='bbox 1209 1853 1397 1916; x_wconf 89' lang='lat' dir='ltr'>socordem·</span> 
     </span>
     <span class='ocr_line' id='line_1_14' title="bbox 205 1969 1398 2054; baseline -0.003 -20"><span class='ocrx_word' id='word_1_105' title='bbox 205 1993 270 2054; x_wconf 89' lang='lat' dir='ltr'>que</span> <span class='ocrx_word' id='word_1_106' title='bbox 302 1972 349 2034; x_wconf 93' lang='lat' dir='ltr'>sic</span> <span class='ocrx_word' id='word_1_107' title='bbox 381 1973 631 2053; x_wconf 88' lang='lat' dir='ltr'>vituperamus:</span> <span class='ocrx_word' id='word_1_108' title='bbox 668 1972 762 2051; x_wconf 92' lang='lat' dir='ltr'>,Deo</span> <span class='ocrx_word' id='word_1_109' title='bbox 795 1980 828 2034; x_wconf 92' lang='lat' dir='ltr'>te</span> <span class='ocrx_word' id='word_1_110' title='bbox 859 1972 1003 2054; x_wconf 89' lang='lat' dir='ltr'>gratiam</span> <span class='ocrx_word' id='word_1_111' title='bbox 1033 1970 1156 2033; x_wconf 83' lang='lat' dir='ltr'>referre</span> <span class='ocrx_word' id='word_1_112' title='bbox 1185 1972 1288 2034; x_wconf 89' lang='lat' dir='ltr'>decet</span> <span class='ocrx_word' id='word_1_113' title='bbox 1311 1969 1398 2052; x_wconf 88' lang='lat' dir='ltr'>quod</span> 
     </span>
     <span class='ocr_line' id='line_1_15' title="bbox 205 2090 661 2153; baseline 0.002 -1"><span class='ocrx_word' id='word_1_114' title='bbox 205 2111 257 2152; x_wconf 93' lang='lat' dir='ltr'>res</span> <span class='ocrx_word' id='word_1_115' title='bbox 281 2099 352 2153; x_wconf 92' lang='lat' dir='ltr'>tam</span> <span class='ocrx_word' id='word_1_116' title='bbox 376 2091 464 2153; x_wconf 89' lang='lat' dir='ltr'>bene</span> <span class='ocrx_word' id='word_1_117' title='bbox 490 2090 661 2153; x_wconf 89' lang='lat' dir='ltr'>cesserit&#39;’.</span> 
     </span>
    </p>

    <p class='ocr_par' dir='ltr' id='par_1_3' title="bbox 204 2209 1396 2529">
     <span class='ocr_line' id='line_1_16' title="bbox 252 2209 1396 2291; baseline -0.002 -19"><span class='ocrx_word' id='word_1_118' title='bbox 252 2209 342 2272; x_wconf 90' lang='lat' dir='ltr'>Ann.</span> <span class='ocrx_word' id='word_1_119' title='bbox 368 2209 446 2286; x_wconf 93' lang='lat' dir='ltr'>XII,</span> <span class='ocrx_word' id='word_1_120' title='bbox 476 2211 524 2273; x_wconf 91' lang='lat'>16.</span> <span class='ocrx_word' id='word_1_121' title='bbox 550 2210 696 2273; x_wconf 91' lang='lat' dir='ltr'>Romani</span> <span class='ocrx_word' id='word_1_122' title='bbox 720 2210 883 2272; x_wconf 86' lang='lat' dir='ltr'>adversus</span> <span class='ocrx_word' id='word_1_123' title='bbox 906 2209 1142 2273; x_wconf 88' lang='lat' dir='ltr'>Mithridatem</span> <span class='ocrx_word' id='word_1_124' title='bbox 1167 2209 1396 2291; x_wconf 90' lang='lat' dir='ltr'>Bosporanum</span> 
     </span>
     <span class='ocr_line' id='line_1_17' title="bbox 204 2326 1396 2408; baseline -0.003 -17"><span class='ocrx_word' id='word_1_125' title='bbox 204 2331 314 2391; x_wconf 90' lang='lat' dir='ltr'>socios</span> <span class='ocrx_word' id='word_1_126' title='bbox 348 2337 524 2392; x_wconf 87' lang='lat' dir='ltr'>assumunt</span> <span class='ocrx_word' id='word_1_127' title='bbox 559 2329 689 2392; x_wconf 89' lang='lat' dir='ltr'>Aorsos</span> <span class='ocrx_word' id='word_1_128' title='bbox 721 2337 755 2390; x_wconf 91' lang='lat' dir='ltr'>et</span> <span class='ocrx_word' id='word_1_129' title='bbox 786 2348 863 2390; x_wconf 91' lang='lat' dir='ltr'>cum</span> <span class='ocrx_word' id='word_1_130' title='bbox 895 2327 959 2390; x_wconf 94' lang='lat' dir='ltr'>illis</span> <span class='ocrx_word' id='word_1_131' title='bbox 991 2326 1142 2390; x_wconf 89' lang='lat' dir='ltr'>laborem</span> <span class='ocrx_word' id='word_1_132' title='bbox 1174 2328 1295 2408; x_wconf 87' lang='lat' dir='ltr'>partiti</span> <span class='ocrx_word' id='word_1_133' title='bbox 1325 2346 1396 2391; x_wconf 90' lang='lat' dir='ltr'>eum</span> 
     </span>
     <span class='ocr_line' id='line_1_18' title="bbox 205 2450 463 2529; baseline 0 -19"><span class='ocrx_word' id='word_1_134' title='bbox 205 2450 463 2529; x_wconf 88' lang='lat' dir='ltr'>aggrediuntur:</span> 
     </span>
    </p>

    <p class='ocr_par' dir='ltr' id='par_1_4' title="bbox 204 2566 1397 2888">
     <span class='ocr_line' id='line_1_19' title="bbox 252 2566 1396 2650; baseline -0.002 -20"><span class='ocrx_word' id='word_1_135' title='bbox 252 2570 318 2647; x_wconf 82' lang='lat' dir='ltr'>,sic</span> <span class='ocrx_word' id='word_1_136' title='bbox 339 2568 453 2650; x_wconf 92' lang='lat' dir='ltr'>pulsus</span> <span class='ocrx_word' id='word_1_137' title='bbox 472 2568 589 2642; x_wconf 92' lang='lat' dir='ltr'>hostis,</span> <span class='ocrx_word' id='word_1_138' title='bbox 610 2576 818 2648; x_wconf 91' lang='lat' dir='ltr'>ventumque</span> <span class='ocrx_word' id='word_1_139' title='bbox 840 2566 973 2641; x_wconf 87' lang='lat' dir='ltr'>Sozam,</span> <span class='ocrx_word' id='word_1_140' title='bbox 991 2566 1157 2648; x_wconf 92' lang='lat' dir='ltr'>oppidum</span> <span class='ocrx_word' id='word_1_141' title='bbox 1176 2566 1396 2638; x_wconf 89' lang='lat' dir='ltr'>Dandaricae,</span> 
     </span>
     <span class='ocr_line' id='line_1_20' title="bbox 204 2685 1397 2768; baseline -0.001 -19"><span class='ocrx_word' id='word_1_142' title='bbox 204 2689 296 2768; x_wconf 90' lang='lat' dir='ltr'>quod</span> <span class='ocrx_word' id='word_1_143' title='bbox 318 2689 489 2749; x_wconf 90' lang='lat' dir='ltr'>desertum</span> <span class='ocrx_word' id='word_1_144' title='bbox 511 2707 531 2748; x_wconf 87' lang='lat' dir='ltr'>a</span> <span class='ocrx_word' id='word_1_145' title='bbox 550 2686 748 2749; x_wconf 91' lang='lat' dir='ltr'>Mithridate</span> <span class='ocrx_word' id='word_1_146' title='bbox 767 2687 813 2748; x_wconf 95' lang='lat' dir='ltr'>ob</span> <span class='ocrx_word' id='word_1_147' title='bbox 830 2685 1008 2767; x_wconf 87' lang='lat' dir='ltr'>ambiguos</span> <span class='ocrx_word' id='word_1_148' title='bbox 1027 2685 1243 2767; x_wconf 91' lang='lat' dir='ltr'>popularium</span> <span class='ocrx_word' id='word_1_149' title='bbox 1259 2686 1397 2759; x_wconf 91' lang='lat' dir='ltr'>animos,</span> 
     </span>
     <span class='ocr_line' id='line_1_21' title="bbox 204 2804 926 2888; baseline 0.001 -21"><span class='ocrx_word' id='word_1_150' title='bbox 204 2806 350 2868; x_wconf 92' lang='lat' dir='ltr'>obtineri</span> <span class='ocrx_word' id='word_1_151' title='bbox 375 2806 494 2868; x_wconf 87' lang='lat' dir='ltr'>relicto</span> <span class='ocrx_word' id='word_1_152' title='bbox 518 2807 564 2868; x_wconf 95' lang='lat' dir='ltr'>ibi</span> <span class='ocrx_word' id='word_1_153' title='bbox 589 2806 759 2888; x_wconf 90' lang='lat' dir='ltr'>praesidio</span> <span class='ocrx_word' id='word_1_154' title='bbox 784 2804 926 2868; x_wconf 90' lang='lat' dir='ltr'>visum”.</span> 
     </span>
    </p>

    <p class='ocr_par' dir='ltr' id='par_1_5' title="bbox 201 2923 1398 3602">
     <span class='ocr_line' id='line_1_22' title="bbox 250 2923 1397 3006; baseline -0.002 -19"><span class='ocrx_word' id='word_1_155' title='bbox 250 2925 338 2999; x_wconf 89' lang='lat' dir='ltr'>Non,</span> <span class='ocrx_word' id='word_1_156' title='bbox 364 2925 509 2998; x_wconf 87' lang='lat' dir='ltr'>hercule,</span> <span class='ocrx_word' id='word_1_157' title='bbox 535 2925 752 2986; x_wconf 86' lang='lat' dir='ltr'>Mithridates</span> <span class='ocrx_word' id='word_1_158' title='bbox 776 2924 842 2998; x_wconf 87' lang='lat' dir='ltr'>ille,</span> <span class='ocrx_word' id='word_1_159' title='bbox 868 2924 925 3006; x_wconf 90' lang='lat' dir='ltr'>qui</span> <span class='ocrx_word' id='word_1_160' title='bbox 950 2944 1011 3006; x_wconf 91' lang='lat' dir='ltr'>per</span> <span class='ocrx_word' id='word_1_161' title='bbox 1035 2924 1103 2986; x_wconf 90' lang='lat' dir='ltr'>vim</span> <span class='ocrx_word' id='word_1_162' title='bbox 1127 2931 1239 2986; x_wconf 92' lang='lat' dir='ltr'>totum</span> <span class='ocrx_word' id='word_1_163' title='bbox 1264 2923 1397 2987; x_wconf 90' lang='lat' dir='ltr'>Danda·</span> 
     </span>
     <span class='ocr_line' id='line_1_23' title="bbox 203 3043 1396 3126; baseline 0 -21"><span class='ocrx_word' id='word_1_164' title='bbox 203 3044 351 3107; x_wconf 92' lang='lat' dir='ltr'>ridarum</span> <span class='ocrx_word' id='word_1_165' title='bbox 384 3064 525 3124; x_wconf 88' lang='lat' dir='ltr'>regnum</span> <span class='ocrx_word' id='word_1_166' title='bbox 557 3044 747 3125; x_wconf 87' lang='lat' dir='ltr'>occupavit,</span> <span class='ocrx_word' id='word_1_167' title='bbox 780 3043 893 3105; x_wconf 89' lang='lat' dir='ltr'>subito</span> <span class='ocrx_word' id='word_1_168' title='bbox 923 3052 993 3106; x_wconf 90' lang='lat' dir='ltr'>tam</span> <span class='ocrx_word' id='word_1_169' title='bbox 1022 3044 1164 3125; x_wconf 91' lang='lat' dir='ltr'>ignavus</span> <span class='ocrx_word' id='word_1_170' title='bbox 1187 3044 1396 3126; x_wconf 89' lang='lat' dir='ltr'>pavidusque</span> 
     </span>
     <span class='ocr_line' id='line_1_24' title="bbox 203 3163 1396 3248; baseline 0.001 -23"><span class='ocrx_word' id='word_1_171' title='bbox 203 3163 310 3226; x_wconf 87' lang='lat' dir='ltr'>lactus</span> <span class='ocrx_word' id='word_1_172' title='bbox 330 3172 391 3238; x_wconf 92' lang='lat' dir='ltr'>est,</span> <span class='ocrx_word' id='word_1_173' title='bbox 414 3172 450 3225; x_wconf 93' lang='lat' dir='ltr'>ut</span> <span class='ocrx_word' id='word_1_174' title='bbox 470 3163 636 3245; x_wconf 92' lang='lat' dir='ltr'>oppidum</span> <span class='ocrx_word' id='word_1_175' title='bbox 651 3163 934 3237; x_wconf 89' lang='lat' dir='ltr'>Dandaridarum,</span> <span class='ocrx_word' id='word_1_176' title='bbox 948 3172 1089 3245; x_wconf 94' lang='lat' dir='ltr'>propter</span> <span class='ocrx_word' id='word_1_177' title='bbox 1101 3183 1290 3246; x_wconf 87' lang='lat' dir='ltr'>paucorum</span> <span class='ocrx_word' id='word_1_178' title='bbox 1304 3165 1396 3248; x_wconf 93' lang='lat' dir='ltr'>oppi-</span> 
     </span>
     <span class='ocr_line' id='line_1_25' title="bbox 202 3282 1395 3363; baseline 0 -19"><span class='ocrx_word' id='word_1_179' title='bbox 202 3283 368 3344; x_wconf 87' lang='lat' dir='ltr'>danorum</span> <span class='ocrx_word' id='word_1_180' title='bbox 388 3282 566 3363; x_wconf 89' lang='lat' dir='ltr'>ambiguos</span> <span class='ocrx_word' id='word_1_181' title='bbox 586 3283 727 3356; x_wconf 77' lang='lat' dir='ltr'>animoS,</span> <span class='ocrx_word' id='word_1_182' title='bbox 749 3283 862 3344; x_wconf 89' lang='lat' dir='ltr'>subito</span> <span class='ocrx_word' id='word_1_183' title='bbox 881 3284 1052 3345; x_wconf 90' lang='lat' dir='ltr'>desereret</span> <span class='ocrx_word' id='word_1_184' title='bbox 1059 3309 1067 3358; x_wconf 91' lang='lat'>;</span> <span class='ocrx_word' id='word_1_185' title='bbox 1087 3282 1165 3344; x_wconf 91' lang='lat' dir='ltr'>etsi</span> <span class='ocrx_word' id='word_1_186' title='bbox 1184 3284 1395 3356; x_wconf 88' lang='lat' dir='ltr'>deseruisset,</span> 
     </span>
     <span class='ocr_line' id='line_1_26' title="bbox 201 3400 1398 3486; baseline 0.001 -23"><span class='ocrx_word' id='word_1_187' title='bbox 201 3411 376 3484; x_wconf 90' lang='lat' dir='ltr'>suspectos</span> <span class='ocrx_word' id='word_1_188' title='bbox 395 3401 469 3463; x_wconf 90' lang='lat' dir='ltr'>illos</span> <span class='ocrx_word' id='word_1_189' title='bbox 488 3421 616 3474; x_wconf 92' lang='lat' dir='ltr'>omnes,</span> <span class='ocrx_word' id='word_1_190' title='bbox 634 3410 671 3463; x_wconf 92' lang='lat' dir='ltr'>ut</span> <span class='ocrx_word' id='word_1_191' title='bbox 689 3403 821 3482; x_wconf 90' lang='lat' dir='ltr'>opinor,</span> <span class='ocrx_word' id='word_1_192' title='bbox 841 3403 932 3483; x_wconf 93' lang='lat' dir='ltr'>prius</span> <span class='ocrx_word' id='word_1_193' title='bbox 949 3402 1160 3465; x_wconf 85' lang='lat' dir='ltr'>trucidasset.</span> <span class='ocrx_word' id='word_1_194' title='bbox 1175 3400 1244 3466; x_wconf 88' lang='lat' dir='ltr'>Sed</span> <span class='ocrx_word' id='word_1_195' title='bbox 1258 3412 1398 3486; x_wconf 92' lang='lat' dir='ltr'>propter</span> 
     </span>
     <span class='ocr_line' id='line_1_27' title="bbox 201 3520 1396 3602; baseline 0.002 -20"><span class='ocrx_word' id='word_1_196' title='bbox 201 3521 379 3601; x_wconf 91' lang='lat' dir='ltr'>ambiguos</span> <span class='ocrx_word' id='word_1_197' title='bbox 403 3520 477 3582; x_wconf 94' lang='lat' dir='ltr'>illos</span> <span class='ocrx_word' id='word_1_198' title='bbox 501 3520 632 3581; x_wconf 91' lang='lat' dir='ltr'>animos</span> <span class='ocrx_word' id='word_1_199' title='bbox 655 3520 798 3583; x_wconf 83' lang='lat' dir='ltr'>Romani</span> <span class='ocrx_word' id='word_1_200' title='bbox 819 3520 853 3582; x_wconf 95' lang='lat' dir='ltr'>in</span> <span class='ocrx_word' id='word_1_201' title='bbox 878 3521 1018 3602; x_wconf 88' lang='lat' dir='ltr'>oppido,</span> <span class='ocrx_word' id='word_1_202' title='bbox 1044 3522 1200 3602; x_wconf 90' lang='lat' dir='ltr'>quamvis</span> <span class='ocrx_word' id='word_1_203' title='bbox 1224 3521 1396 3584; x_wconf 91' lang='lat' dir='ltr'>desertum</span> 
     </span>
    </p>
   </div>
   <div class='ocr_carea' id='block_1_3' title="bbox 201 3637 1396 3724">
    <p class='ocr_par' dir='ltr' id='par_1_6' title="bbox 201 3637 1396 3724">
     <span class='ocr_line' id='line_1_28' title="bbox 201 3637 1396 3724; baseline 0.001 -23"><span class='ocrx_word' id='word_1_204' title='bbox 201 3640 268 3701; x_wconf 93' lang='lat' dir='ltr'>iam</span> <span class='ocrx_word' id='word_1_205' title='bbox 293 3648 381 3701; x_wconf 92' lang='lat' dir='ltr'>esset</span> <span class='ocrx_word' id='word_1_206' title='bbox 405 3639 449 3700; x_wconf 95' lang='lat' dir='ltr'>ab</span> <span class='ocrx_word' id='word_1_207' title='bbox 474 3638 582 3712; x_wconf 92' lang='lat' dir='ltr'>hoste,</span> <span class='ocrx_word' id='word_1_208' title='bbox 608 3639 812 3719; x_wconf 89' lang='lat' dir='ltr'>praesidium</span> <span class='ocrx_word' id='word_1_209' title='bbox 833 3639 1009 3719; x_wconf 90' lang='lat' dir='ltr'>reliquere.</span> <span class='ocrx_word' id='word_1_210' title='bbox 1031 3637 1087 3703; x_wconf 89' lang='lat' dir='ltr'>Sic</span> <span class='ocrx_word' id='word_1_211' title='bbox 1109 3659 1190 3720; x_wconf 89' lang='lat' dir='ltr'>ergo</span> <span class='ocrx_word' id='word_1_212' title='bbox 1211 3640 1396 3724; x_wconf 90' lang='lat' dir='ltr'>distingue:</span> 
     </span>
    </p>
   </div>
   <div class='ocr_carea' id='block_1_4' title="bbox 200 3755 1398 4433">
    <p class='ocr_par' dir='ltr' id='par_1_7' title="bbox 200 3755 1398 4433">
     <span class='ocr_line' id='line_1_29' title="bbox 205 3755 1396 3839; baseline 0.003 -20"><span class='ocrx_word' id='word_1_213' title='bbox 205 3755 356 3835; x_wconf 77' lang='lat' dir='ltr'>,Sozam</span> <span class='ocrx_word' id='word_1_214' title='bbox 385 3758 551 3839; x_wconf 89' lang='lat' dir='ltr'>oppidum</span> <span class='ocrx_word' id='word_1_215' title='bbox 577 3757 800 3832; x_wconf 87' lang='lat' dir='ltr'>Dandaricae,</span> <span class='ocrx_word' id='word_1_216' title='bbox 826 3758 917 3839; x_wconf 93' lang='lat' dir='ltr'>quod</span> <span class='ocrx_word' id='word_1_217' title='bbox 943 3757 1115 3826; x_wconf 88' lang='lat' dir='ltr'>desertum</span> <span class='ocrx_word' id='word_1_218' title='bbox 1138 3779 1159 3820; x_wconf 89' lang='lat' dir='ltr'>a</span> <span class='ocrx_word' id='word_1_219' title='bbox 1185 3757 1396 3834; x_wconf 87' lang='lat' dir='ltr'>Mithridate,</span> 
     </span>
     <span class='ocr_line' id='line_1_30' title="bbox 200 3875 1397 3959; baseline 0.003 -22"><span class='ocrx_word' id='word_1_220' title='bbox 200 3876 246 3937; x_wconf 93' lang='lat' dir='ltr'>ob</span> <span class='ocrx_word' id='word_1_221' title='bbox 271 3876 448 3956; x_wconf 92' lang='lat' dir='ltr'>ambiguos</span> <span class='ocrx_word' id='word_1_222' title='bbox 468 3877 682 3958; x_wconf 89' lang='lat' dir='ltr'>popularium</span> <span class='ocrx_word' id='word_1_223' title='bbox 702 3879 834 3940; x_wconf 92' lang='lat' dir='ltr'>animos</span> <span class='ocrx_word' id='word_1_224' title='bbox 854 3877 1000 3938; x_wconf 90' lang='lat' dir='ltr'>obtineri</span> <span class='ocrx_word' id='word_1_225' title='bbox 1022 3876 1141 3939; x_wconf 89' lang='lat' dir='ltr'>relicto</span> <span class='ocrx_word' id='word_1_226' title='bbox 1160 3875 1206 3939; x_wconf 94' lang='lat' dir='ltr'>ibi</span> <span class='ocrx_word' id='word_1_227' title='bbox 1228 3878 1397 3959; x_wconf 88' lang='lat' dir='ltr'>praesidio</span> 
     </span>
     <span class='ocr_line' id='line_1_31' title="bbox 202 3992 1398 4077; baseline 0.003 -21"><span class='ocrx_word' id='word_1_228' title='bbox 202 3992 342 4056; x_wconf 77' lang='lat' dir='ltr'>visum”.</span> <span class='ocrx_word' id='word_1_229' title='bbox 378 3994 565 4075; x_wconf 77' lang='lat' dir='ltr'>Populares</span> <span class='ocrx_word' id='word_1_230' title='bbox 599 3994 653 4056; x_wconf 90' lang='lat' dir='ltr'>hic</span> <span class='ocrx_word' id='word_1_231' title='bbox 689 3996 868 4076; x_wconf 82' lang='lat' dir='ltr'>oppidanos</span> <span class='ocrx_word' id='word_1_232' title='bbox 902 3995 1091 4077; x_wconf 85' lang='lat' dir='ltr'>significare</span> <span class='ocrx_word' id='word_1_233' title='bbox 1128 4004 1219 4057; x_wconf 87' lang='lat' dir='ltr'>recte</span> <span class='ocrx_word' id='word_1_234' title='bbox 1255 4006 1398 4060; x_wconf 92' lang='lat' dir='ltr'>annotat</span> 
     </span>
     <span class='ocr_line' id='line_1_32' title="bbox 202 4114 1395 4194; baseline 0.002 -18"><span class='ocrx_word' id='word_1_235' title='bbox 202 4115 393 4188; x_wconf 88' lang='lat' dir='ltr'>Furneaux,</span> <span class='ocrx_word' id='word_1_236' title='bbox 426 4114 485 4175; x_wconf 92' lang='lat' dir='ltr'>sed</span> <span class='ocrx_word' id='word_1_237' title='bbox 519 4114 610 4194; x_wconf 92' lang='lat' dir='ltr'>quod</span> <span class='ocrx_word' id='word_1_238' title='bbox 645 4114 741 4175; x_wconf 91' lang='lat' dir='ltr'>addit</span> <span class='ocrx_word' id='word_1_239' title='bbox 773 4135 839 4176; x_wconf 95' lang='lat' dir='ltr'>non</span> <span class='ocrx_word' id='word_1_240' title='bbox 873 4135 945 4176; x_wconf 89' lang='lat' dir='ltr'>esse</span> <span class='ocrx_word' id='word_1_241' title='bbox 969 4135 1028 4177; x_wconf 89' lang='lat' dir='ltr'>eos</span> <span class='ocrx_word' id='word_1_242' title='bbox 1052 4114 1271 4178; x_wconf 74' lang='lat' dir='ltr'>Mithridatis</span> <span class='ocrx_word' id='word_1_243' title='bbox 1295 4116 1395 4191; x_wconf 89' lang='lat' dir='ltr'>cives,</span> 
     </span>
     <span class='ocr_line' id='line_1_33' title="bbox 200 4232 1396 4316; baseline 0 -21"><span class='ocrx_word' id='word_1_244' title='bbox 200 4235 256 4316; x_wconf 94' lang='lat' dir='ltr'>qui</span> <span class='ocrx_word' id='word_1_245' title='bbox 282 4255 342 4316; x_wconf 90' lang='lat' dir='ltr'>per</span> <span class='ocrx_word' id='word_1_246' title='bbox 362 4235 430 4296; x_wconf 93' lang='lat' dir='ltr'>vim</span> <span class='ocrx_word' id='word_1_247' title='bbox 451 4233 581 4315; x_wconf 93' lang='lat' dir='ltr'>oppido</span> <span class='ocrx_word' id='word_1_248' title='bbox 602 4240 653 4293; x_wconf 90' lang='lat' dir='ltr'>est</span> <span class='ocrx_word' id='word_1_249' title='bbox 675 4233 812 4312; x_wconf 89' lang='lat' dir='ltr'>potitus,</span> <span class='ocrx_word' id='word_1_250' title='bbox 833 4233 959 4294; x_wconf 91' lang='lat' dir='ltr'>indicio</span> <span class='ocrx_word' id='word_1_251' title='bbox 979 4241 1030 4294; x_wconf 90' lang='lat' dir='ltr'>est</span> <span class='ocrx_word' id='word_1_252' title='bbox 1050 4253 1138 4307; x_wconf 90' lang='lat' dir='ltr'>eum,</span> <span class='ocrx_word' id='word_1_253' title='bbox 1160 4232 1240 4296; x_wconf 92' lang='lat' dir='ltr'>licet</span> <span class='ocrx_word' id='word_1_254' title='bbox 1259 4234 1396 4297; x_wconf 80' lang='lat' dir='ltr'>omittat</span> 
     </span>
     <span class='ocr_line' id='line_1_34' title="bbox 200 4350 1393 4433; baseline 0.003 -20"><span class='ocrx_word' id='word_1_255' title='bbox 200 4352 355 4433; x_wconf 78' lang='lat' dir='ltr'>virgulaS,</span> <span class='ocrx_word' id='word_1_256' title='bbox 380 4371 468 4432; x_wconf 86' lang='lat' dir='ltr'>quae</span> <span class='ocrx_word' id='word_1_257' title='bbox 490 4351 582 4432; x_wconf 89' lang='lat' dir='ltr'>apud</span> <span class='ocrx_word' id='word_1_258' title='bbox 608 4350 854 4431; x_wconf 90' lang='lat' dir='ltr'>Nipperdeium</span> <span class='ocrx_word' id='word_1_259' title='bbox 879 4360 956 4432; x_wconf 94' lang='lat' dir='ltr'>post</span> <span class='ocrx_word' id='word_1_260' title='bbox 979 4350 1184 4416; x_wconf 79' lang='lat' dir='ltr'>Mithridate</span> <span class='ocrx_word' id='word_1_261' title='bbox 1208 4360 1242 4415; x_wconf 90' lang='lat' dir='ltr'>et</span> <span class='ocrx_word' id='word_1_262' title='bbox 1266 4355 1393 4417; x_wconf 78' lang='lat' dir='ltr'>animos</span> 
     </span>
    </p>
   </div>
   <div class='ocr_carea' id='block_1_5' title="bbox 0 0 1610 5274">
    <p class='ocr_par' dir='ltr' id='par_1_8' title="bbox 0 0 1610 5274">
     <span class='ocr_line' id='line_1_35' title="bbox 0 0 1610 5274; baseline 0 0"><span class='ocrx_word' id='word_1_263' title='bbox 0 0 1610 5274; x_wconf 95' lang='lat' dir='ltr'> </span> 
     </span>
    </p>
   </div>
  </div>
 </body>
</html>
