3210 5274
741 381 779 445 13

155 542 374 604 inserendum
394 541 514 604 statuit
534 542 663 617 horum,
686 562 830 624 eamque
851 545 1082 608 coniecturam
1100 565 1168 608 non
1183 554 1357 627 tamquam

156 662 320 725 incertam
346 662 379 724 in
404 661 497 725 calce
522 662 666 745 paginae
690 665 972 728 commemoravit
995 665 1055 727 sed
1080 673 1254 746 tamquam
1276 665 1358 729 nulli

156 780 363 843 dubitationi
383 780 568 843 obnoxiam
590 781 777 844 intextum
799 783 938 865 recepit.
959 783 1020 846 Est
1039 791 1152 846 autem
1167 803 1234 845 non
1248 784 1356 846 solum

155 900 335 964 temeraria
367 907 402 962 et
433 901 547 963 audax
578 901 637 963 sed
668 899 853 964 falsissima.
879 902 971 966 Bene
996 904 1085 965 enim
1111 903 1358 966 demonstravit

157 1019 339 1083 Furneaux
363 1018 543 1102 participio
563 1021 711 1083 secuturi
731 1040 798 1083 non
818 1020 927 1084 solum
941 1023 1105 1104 futurum
1126 1031 1261 1104 tempus
1274 1021 1357 1083 indi·

155 1138 223 1199 cari
242 1138 302 1200 sed
323 1149 355 1201 rt
375 1138 596 1220 praeteritum
619 1150 652 1202 et
674 1138 822 1202 futurum
843 1140 1020 1212 contineri,
1041 1141 1088 1203 sic
1109 1140 1196 1203 sere:
1220 1160 1355 1222 „quem-

155 1256 341 1319 admodum
373 1258 537 1320 hactenus
567 1279 641 1321 sum
672 1267 808 1322 secutus
839 1259 886 1322 ita
918 1258 1061 1341 posthac
1084 1259 1238 1342 sequar”.
1264 1260 1352 1322 Nam

156 1375 184 1437 si
217 1377 292 1439 inde
321 1377 444 1440 abhoc
468 1377 594 1440 lecese
620 1378 775 1453 Fabium,
802 1377 957 1453 Plinium,
983 1377 1137 1441 Cluvium
1161 1387 1354 1441 secuturum

157 1494 296 1558 Tacitus
321 1497 525 1560 declarasset
549 1498 583 1560 id
608 1498 638 1559 ei
663 1500 853 1562 accuratius
877 1507 949 1560 erat
973 1497 1242 1580 significandum.
1267 1497 1355 1560 Tum

157 1613 209 1676 sac
241 1635 320 1678 eum
351 1618 394 1679 de
426 1616 539 1680 futuro
571 1625 704 1680 tantum
738 1618 888 1699 cogitare
919 1626 1092 1699 tempore:
1126 1637 1249 1699 magna
1276 1636 1357 1698 ergo

157 1736 325 1816 gravitate
350 1738 548 1819 pronuntiat
570 1757 606 1799 se
627 1737 661 1799 in
682 1746 856 1820 posterum
878 1736 1043 1799 facturum
1064 1748 1192 1819 semper
1213 1736 1246 1797 id
1263 1736 1355 1816 quod

157 1875 276 1918 revera
310 1857 488 1919 rarissime
522 1856 612 1919 fecit.
645 1855 711 1938 Qui
743 1857 834 1919 enim
866 1857 920 1919 hic
953 1866 1108 1919 auctores
1140 1856 1357 1918 nominantur

157 1982 333 2057 tamquam
368 1976 543 2039 identidem
579 1976 752 2050 afferendi,
788 1975 921 2038 illorum
957 1976 1095 2037 nomina
1130 1975 1164 2036 in
1200 1975 1356 2055 sequenti

158 2092 344 2156 Annalium
376 2102 473 2176 parte
505 2102 769 2157 recurrunt....
794 2093 1002 2176 singulorum
1032 2092 1146 2156 semel.
1172 2091 1356 2174 Quomodo

157 2212 297 2277 historia
320 2215 385 2276 sibi
409 2215 589 2277 scribenda
614 2215 770 2278 videatur
793 2214 932 2277 Tacitus
957 2215 1010 2277 hic
1032 2215 1181 2277 breviter
1200 2216 1354 2297 exponit,

156 2354 326 2414 quaenam
358 2336 470 2398 studia
501 2334 583 2398 illud
616 2334 765 2417 postulet
789 2356 874 2418 opus
898 2343 933 2397 et
958 2355 1121 2417 quasnam
1146 2334 1355 2416 investigati-

157 2473 250 2516 ones.
284 2454 330 2516 Et
361 2455 403 2516 de
435 2453 491 2517 illa
522 2475 557 2517 re
590 2454 658 2517 sere
689 2455 779 2518 idem
803 2455 923 2517 statuit
947 2454 1028 2517 illud
1053 2456 1146 2536 quod
1170 2455 1273 2516 etiam
1296 2453 1356 2517 ho·

157 2572 283 2635 diernis
313 2572 482 2636 historicis
513 2583 564 2637 est
597 2594 793 2657 persuasum
811 2572 842 2655 ¹),
875 2594 1081 2656 quamquam
1115 2574 1171 2649 illi,
1202 2574 1356 2637 intanta

159 2693 320 2755 materiae
351 2693 460 2774 copia,
494 2694 601 2757 multo
634 2694 860 2757 accuratiores
891 2712 964 2755 esse
996 2692 1296 2774 diligentioresque
1320 2702 1354 2756 et

157 2818 299 2892 possunt
322 2819 357 2874 et
382 2812 521 2875 debent.

202 2929 409 2994 Consulendi
442 2930 707 3014 conferendique
734 2939 813 2994 sunt
837 2939 1002 3006 auctores,
1027 2932 1130 3013 idque
1156 2952 1257 3014 quam
1283 2932 1355 3014 plu-

157 3051 243 3113 rimi.
275 3048 310 3113 Si
344 3052 386 3113 de
418 3051 538 3113 eadem
567 3071 602 3114 re
626 3071 745 3114 omnes
769 3052 908 3113 tradunt
932 3051 1034 3126 idem,
1060 3051 1273 3114 confidenter
1297 3072 1356 3114 eos

155 3170 251 3251 sequi
277 3178 391 3252 potest
412 3177 447 3232 et
467 3170 558 3232 idem
579 3189 714 3232 narrare
736 3171 792 3251 qui
814 3170 927 3231 denuo
947 3170 1038 3231 idem
1059 3178 1184 3233 tractat
1204 3179 1354 3253 tempus:
1375 3159 1378 3167 ’

156 3298 229 3353 tum
250 3299 364 3354 autem
386 3291 562 3353 nominare
582 3288 657 3352 illos
677 3290 777 3371 plane
790 3309 1037 3371 supervacuum
1051 3298 1112 3364 est,
1130 3310 1251 3353 omnes
1264 3291 1353 3352 enim

156 3429 374 3473 communem
395 3411 566 3491 quandam
586 3409 737 3472 efficiunt
757 3409 964 3490 opinionem,
987 3410 1029 3471 de
1050 3429 1117 3490 qua
1131 3428 1241 3491 neque
1254 3417 1355 3471 antea

157 3528 329 3591 dubitavit
349 3529 527 3610 quisquam
550 3549 660 3611 neque
681 3548 770 3591 nunc
792 3537 842 3590 est
864 3547 922 3590 cur
935 3546 996 3589 nos
1009 3527 1214 3590 dubitemus.
1228 3528 1355 3591 Contra

155 3648 183 3710 si
207 3647 263 3709 alii
288 3656 443 3711 auctores
467 3647 532 3710 alia
556 3649 716 3731 produnt,
743 3667 849 3710 novus
869 3647 1014 3728 scriptor
1035 3668 1102 3709 non
1124 3655 1237 3730 potest
1258 3648 1354 3729 quid-

155 3787 260 3849 quam
284 3787 346 3849 pro
371 3775 464 3829 certo
488 3767 655 3830 affirmare
675 3768 735 3830 sed
757 3753 910 3829 nominat
930 3765 1080 3847 singulos
1100 3766 1148 3828 ita
1167 3774 1202 3828 ut
1220 3764 1352 3828 illorum

156 3885 308 3968 periculo
333 3886 392 3948 fiat
416 3887 576 3951 narratio.

202 4005 274 4069 Nos
308 4008 495 4072 severiores
529 4008 667 4089 quidem
699 4025 813 4068 sumus
845 4005 1006 4067 adversus
1038 4004 1245 4079 historicum,
1279 4005 1354 4087 plus

155 4127 187 4189 ei
218 4126 424 4209 imponimus
455 4127 576 4200 oneris,
609 4126 718 4208 ipsum
751 4123 834 4187 nihil
867 4143 934 4186 non
966 4132 1142 4206 tamquam
1168 4125 1202 4187 in
1227 4125 1354 4187 trutina

195 4385 221 4450 1)
240 4384 292 4432 llic
311 4397 417 4447 quoque
437 4383 552 4432 Boissler
570 4383 597 4432 ll.
617 4383 772 4434 conseratur.
