3210 5274
775 384 836 449 ¹39

250 548 296 610 Et
329 568 372 610 ne
405 556 563 629 putemus
595 547 752 610 Tacitum
785 546 867 609 illud
899 545 1076 609 consilium
1107 565 1202 606 suam
1225 543 1401 624 socerique

205 667 423 750 prudentiam
455 667 738 748 modestiamque,
771 686 852 749 prae
881 664 1091 745 ,Stoicorum
1117 666 1256 727 istorum
1281 665 1401 726 intem-

204 787 338 868 pestiva
360 785 551 868 sapientia”
575 784 762 849 extollendi
787 785 956 860 omittere,
976 805 1053 846 cum
1075 785 1117 846 de
1138 783 1265 845 Tiberii
1285 782 1401 845 scribit

205 916 373 988 tempore,
387 906 471 968 haec
484 908 738 969 consideremus
752 906 855 968 verba
868 926 911 967 ex
924 902 990 968 lV⁰
1002 905 1088 967 libro
1101 903 1288 966 Annalium
1301 923 1329 965 c.
1345 919 1401 966 20:

254 1027 374 1103 ,Hunc
399 1046 464 1109 ego
490 1026 662 1108 Lepidum
684 1025 894 1107 temporibus
915 1024 978 1087 illis
997 1044 1136 1106 gravem
1157 1032 1192 1086 et
1211 1023 1401 1105 sapientem

205 1149 313 1210 virum
336 1146 437 1209 fuisse
457 1147 659 1228 comperior,
682 1166 760 1208 nam
780 1145 941 1227 pleraque
961 1145 1005 1207 ab
1025 1145 1134 1207 saevis
1150 1143 1402 1207 adulationibus

203 1266 347 1329 aliorum
371 1267 405 1328 in
432 1265 550 1328 melius
575 1265 679 1327 flexit.
704 1264 825 1347 Neque
850 1274 964 1328 tamen
984 1263 1245 1347 temperamenti
1266 1263 1400 1345 egebat,

205 1407 283 1450 cum
315 1385 485 1468 aequabili
517 1386 721 1448 auctoritate
751 1395 785 1448 et
809 1387 917 1467 gratia
940 1394 1024 1467 aput
1047 1384 1221 1448 Tiberium
1246 1384 1400 1465 viguerit.

207 1507 310 1572 Unde
342 1507 497 1570 dubitare
529 1525 644 1587 cogor,
675 1505 745 1568 fato
776 1514 810 1568 et
834 1515 925 1568 sorte
950 1490 1125 1581 nascendi,
1146 1515 1183 1568 ut
1206 1514 1329 1579 cetera,
1355 1504 1402 1566 ita

205 1628 397 1710 principum
429 1626 604 1690 inclinatio
635 1627 669 1690 in
701 1627 773 1701 hos,
805 1627 947 1690 offensio
971 1628 1005 1689 in
1030 1626 1114 1702 illos,
1140 1646 1182 1689 an
1207 1626 1249 1688 sit
1272 1625 1400 1706 aliquid

205 1749 238 1810 in
264 1748 387 1810 nostris
411 1747 559 1810 consiliis
583 1747 752 1829 liceatque
777 1748 864 1810 inter
887 1746 1068 1828 abruptam
1092 1746 1342 1808 contumaciam
1367 1754 1401 1808 et

205 1867 357 1931 deforme
371 1868 572 1949 obsequium
588 1888 729 1950 pergere
743 1867 1000 1930 iterambitione
1010 1886 1049 1929 ac
1058 1862 1401 1947 periculisvacuum.”

250 1988 457 2069 Unquamne
482 1988 568 2050 duos
592 1987 696 2062 locos,
718 1989 852 2050 diverso
872 1996 1028 2069 tempore
1047 1985 1201 2066 scriptos,
1222 1992 1292 2047 tam
1314 1983 1401 2045 inter

204 2128 239 2170 se
263 2117 430 2189 cognatos
454 2108 568 2170 vidisti
593 2128 696 2188 quam
721 2107 809 2170 hunc
831 2108 876 2169 de
898 2107 951 2169 via
973 2106 1085 2168 media
1105 2105 1273 2167 tutissima
1294 2101 1401 2167 illum-

206 2248 272 2309 que
300 2248 344 2289 ex
370 2227 531 2309 Agricola
556 2228 598 2291 de
623 2228 755 2309 magnis
780 2226 868 2301 viris,
894 2227 951 2307 qui
976 2227 1079 2289 etiam
1103 2224 1166 2287 sub
1191 2222 1287 2286 malis
1312 2224 1401 2306 prin-

206 2348 340 2430 cipibus
368 2349 431 2411 tuti
462 2346 605 2411 luerint?
631 2349 677 2410 Et
701 2367 814 2410 nonne
839 2347 1031 2428 utrobique,
1055 2356 1231 2427 tamquam
1258 2347 1289 2407 in
1314 2353 1404 2407 tran·

205 2469 283 2542 situ,
316 2467 587 2549 perstringuntur
622 2465 772 2546 „insani”
801 2465 857 2540 illi,
883 2467 940 2547 qui
964 2475 1038 2528 tota
1061 2485 1121 2528 sua
1145 2466 1216 2528 vita
1240 2484 1308 2526 non
1332 2474 1403 2526 tam

204 2587 287 2668 quid
324 2593 412 2647 esset
448 2585 678 2647 cautissimum
715 2586 931 2667 maximeque
966 2584 1123 2667 periculis
1155 2603 1310 2657 vacuum,
1342 2584 1402 2645 sed

203 2706 286 2788 quid
317 2706 423 2767 virtus
455 2704 672 2785 officiumque
703 2724 799 2767 suum
824 2703 1011 2786 postularet
1035 2701 1250 2787 rogaverint?
1276 2702 1402 2765 Laetus

202 2846 238 2888 se
271 2823 450 2905 aequalem
481 2822 629 2904 aliquem
655 2823 794 2886 Tiberio
818 2824 987 2886 invenisse
1007 2822 1215 2906 Agricolam,
1240 2843 1280 2885 ea
1304 2842 1401 2884 occa·

200 2944 298 3006 sione
331 2944 434 3006 utitur
466 2943 626 3005 dilectam
659 2942 750 3005 illam
781 2943 845 3005 sibi
877 2943 1070 3027 proferendi
1102 2943 1400 3025 reprehensionem

204 3083 322 3125 eorum
352 3063 511 3136 virorum,
537 3063 579 3124 de
605 3063 728 3143 quibus
752 3064 901 3144 cogitare
926 3083 993 3125 non
1019 3072 1133 3146 potest
1157 3064 1237 3145 quin
1263 3082 1400 3144 compa·

204 3183 372 3245 rationem
395 3188 561 3244 vereatur.
584 3180 746 3244 Fueritne
766 3182 905 3244 Tiberio
927 3184 1115 3266 imperante
1136 3183 1256 3244 eadem
1277 3180 1400 3246 Stoicis

204 3302 339 3365 virtutis
358 3321 438 3363 suae
458 3303 684 3364 ostentandae
705 3302 837 3363 occasio
858 3322 945 3383 quae
965 3303 1028 3364 sub
1049 3303 1258 3376 Domitiano,
1279 3322 1399 3384 parum

204 3430 309 3495 curat,
344 3419 397 3482 vel
428 3420 542 3503 potius
573 3420 677 3483 talem
708 3440 768 3482 sua
800 3421 992 3484 narratione
1020 3420 1146 3483 Tiberii
1170 3421 1398 3504 principatum

204 3540 301 3622 fingit
333 3549 369 3602 ut
400 3539 494 3602 locus
525 3540 569 3602 sit
596 3538 630 3601 et
654 3539 761 3602 cautis
786 3540 980 3603 hominibus
1003 3560 1171 3603 summum
1197 3542 1287 3604 vitae
1312 3542 1398 3622 peri·

203 3659 315 3722 culum
349 3659 433 3721 mira
460 3660 608 3740 quadam
633 3658 819 3722 vitantibus
843 3660 1023 3741 prudentia
1048 3660 1081 3722 e't
1110 3661 1293 3743 „abruptae
1318 3680 1397 3724 con·

203 3777 404 3842 tumaciae”.

246 3901 445 3963 Boissierius
464 3901 498 3962 in
520 3899 664 3981 egregiis
685 3898 759 3974 illis,
779 3920 863 3981 quas
883 3901 1039 3982 proximo
1059 3920 1150 3965 anno
1170 3902 1295 3984 publici
1319 3902 1397 3964 iuris

203 4017 291 4093 lecit,
312 4020 356 4081 de
375 4017 496 4081 Tacito
514 4019 802 4100 disputationibus
815 4028 848 4081 et
862 4018 926 4082 alia
939 4020 1044 4083 multa
1058 4021 1185 4103 profert
1199 4023 1396 4105 dignissima

204 4156 289 4218 quae
314 4147 470 4200 accurate
495 4138 747 4219 perpendamus
771 4147 805 4200 et
829 4138 909 4201 hoc:
939 4140 1174 4218 ,Domitianus
1200 4162 1309 4223 neque
1335 4142 1396 4206 fuit

206 4254 314 4318 fatuus
346 4266 382 4319 ut
415 4256 577 4338 Caligula,
610 4276 720 4338 neque
752 4258 856 4321 hebes
888 4268 924 4321 ut
956 4258 1132 4336 Claudius;
1157 4260 1263 4323 multo
1290 4263 1398 4344 magis

205 4373 329 4439 Tiberii
360 4376 478 4439 similis
509 4375 593 4438 est.”
626 4375 706 4438 Non
729 4378 889 4441 miramur
912 4380 995 4454 vir0,
1019 4380 1076 4461 qui
1102 4380 1134 4444 in
1159 4379 1280 4442 Tacito
1303 4390 1397 4446 totus
