3292 5280
803 348 864 410 186

236 531 375 593 miscere
408 530 440 590 in
473 529 582 590 vicem
614 527 763 600 consilia,
795 527 873 589 dein
906 546 1080 608 separare;
1110 526 1295 608 aliquando
1322 527 1427 610 frangi

235 658 374 733 aspectu
400 651 578 732 pignorum
603 668 750 722 suorum,
773 649 908 730 saepius
928 646 1125 710 concitari.”
1150 647 1239 710 Tum
1260 650 1429 730 sequitur:

283 768 459 850 „Satisque
483 767 662 830 constabat
686 768 833 830 saevisse
857 768 1025 849 quosdam
1049 767 1083 829 in
1104 768 1267 849 coniuges
1288 789 1329 831 ac
1351 768 1430 831 libe-

238 911 303 965 ros,
328 899 502 971 tamquam
528 887 797 951 misererentur.’'
829 888 904 962 Hic,
931 895 968 950 ut
991 889 1123 970 opinor,
1149 909 1218 951 non
1243 897 1295 952 est
1320 909 1430 952 sermo

237 1011 280 1072 de
316 1008 524 1082 hominibus,
557 1010 614 1090 qui
651 1016 771 1090 postea
806 1008 917 1071 locum
952 1007 1058 1070 cladis
1093 1008 1314 1090 inspicientes
1351 1010 1430 1073 illud

236 1131 410 1194 effecerint
441 1150 459 1191 e
491 1149 671 1211 corporum
705 1129 840 1204 habitu;
872 1128 918 1190 illi
950 1128 1041 1191 enim
1073 1129 1130 1210 qui
1164 1127 1307 1192 fuissent
1341 1131 1429 1194 haud

236 1251 338 1314 dubie
363 1250 558 1312 tradidisset
582 1249 729 1311 Tacitus.
767 1247 834 1312 Sed
860 1247 962 1310 relert
986 1248 1067 1328 quid
1092 1249 1164 1330 ipse
1188 1249 1316 1312 efficiat
1340 1271 1359 1312 e
1380 1273 1428 1313 ru·

236 1371 385 1433 moribus
409 1390 493 1451 quos
517 1371 588 1451 ipse
612 1369 793 1452 acceperit.
826 1368 920 1449 Lege
944 1386 1025 1450 ergo
1048 1368 1193 1449 satisque
1216 1381 1352 1433 constat.

280 1491 379 1554 Alter
403 1510 432 1553 c.
452 1508 507 1571 43.
531 1487 640 1568 „Satis
659 1488 839 1551 constabat
859 1488 951 1550 lecto
971 1494 1178 1551 testamento
1191 1487 1377 1570 Agricolae
1389 1526 1429 1536 —

236 1614 400 1676 laetatum
426 1611 694 1693 (Domitianum).
720 1610 784 1671 i.e.
812 1628 874 1688 „ex
898 1608 937 1670 iis
962 1607 1063 1670 rebus
1082 1627 1170 1688 quae
1191 1607 1275 1671 mihi
1299 1630 1431 1674 narran-

238 1743 291 1797 tur
324 1740 546 1812 narrataeque
577 1738 664 1804 sunt,
696 1748 761 1810 ego
792 1748 876 1791 nunc
904 1726 1039 1808 efficio.”
1071 1727 1286 1791 Habebimus
1317 1729 1382 1793 hoc
1406 1731 1432 1793 si

239 1865 366 1917 constat
389 1851 578 1932 legerimus.

285 1971 371 2035 Sunt
403 1990 484 2052 ergo
518 1986 559 2051 ²9
583 1976 657 2030 toto
681 1986 785 2049 opere
810 1965 952 2029 Taciteo
976 1964 1041 2029 loci
1066 1965 1123 2028 ubi
1148 1979 1286 2043 constat,
1311 1982 1434 2032 consta·

240 2093 306 2166 bat,
331 2091 475 2155 constitit
494 2090 635 2170 legatur.
658 2087 785 2149 Eorum
806 2093 951 2167 quatuor
971 2104 1042 2147 esse
1062 2093 1244 2167 corruptos
1259 2095 1296 2150 et
1313 2090 1433 2151 eodem

242 2213 347 2274 modo
371 2210 541 2273 sanandos
564 2207 713 2270 clamant
738 2206 814 2280 XII,
839 2204 954 2286 aliquo
979 2204 1082 2267 modo
1105 2212 1276 2269 testantur
1300 2207 1397 2270 XIll.
