3210 5274
785 396 820 461 51

205 566 258 621 est
287 559 468 634 sententia,
493 560 586 623 cuius
611 579 797 622 memorem
823 578 896 622 esse
920 560 1019 622 decet
1044 577 1321 640 unumquemque
1346 559 1403 639 qui

203 677 329 741 Tacito
349 678 409 740 dat
429 699 580 760 operam,
600 679 789 742 dummodo
811 699 853 741 ne
874 698 1023 760 unquam
1044 698 1084 740 ea
1102 685 1216 740 utatur
1228 676 1271 738 ad
1285 683 1405 757 aperta

204 797 378 877 nimiaque
412 797 466 858 vel
496 799 601 878 ipsius
632 796 742 859 Taciti
768 797 821 859 vel
845 797 1057 859 librariorum
1082 797 1165 858 vitia
1188 794 1404 858 defendenda

204 914 260 976 vel
287 917 493 978 excusanda.
519 914 609 996 Quid
634 917 725 978 enim
750 924 821 978 tam
845 923 897 978 est
920 916 1105 978 absurdum
1129 914 1221 995 quod
1247 934 1315 976 non
1340 913 1403 975 hac

203 1034 338 1096 ratione
358 1054 477 1096 sanum
499 1034 736 1115 integrumque
757 1035 864 1096 videri
885 1032 1012 1115 possit?
1032 1034 1087 1095 Ex
1099 1032 1265 1113 exemplis
1277 1040 1402 1106 autem,

204 1172 294 1235 quae
322 1151 510 1214 Pfitznerus
533 1152 642 1227 affert,
667 1154 815 1216 maxime
839 1154 969 1235 insigne
994 1152 1139 1227 videtur,
1164 1152 1255 1234 quod
1281 1151 1404 1233 legitur

203 1269 250 1332 A.
284 1270 382 1345 XIV,
413 1289 475 1349 44:
509 1290 619 1352 neque
651 1270 850 1333 incredibile
880 1278 932 1332 est
964 1270 1017 1332 hic
1049 1289 1165 1332 verum
1199 1270 1403 1333 Pfitznerum

203 1389 341 1451 vidisse.
366 1388 467 1452 Certe
491 1390 576 1452 mira
599 1397 652 1452 est
676 1389 722 1452 ibi
746 1397 781 1452 et
805 1397 964 1451 contorta
986 1389 1106 1463 oratio,
1131 1408 1241 1471 neque
1266 1408 1403 1472 corrup·

201 1516 279 1571 tum
315 1529 388 1571 esse
423 1509 535 1571 locum
572 1509 753 1572 verisimile
789 1517 858 1571 est:
891 1509 956 1571 hoc
986 1509 1076 1570 enim
1108 1509 1165 1589 qui
1198 1484 1404 1590 putauerunt

202 1626 328 1690 frustra
343 1614 393 1690 'in
425 1628 644 1691 emendando
667 1649 710 1690 eo
734 1628 952 1692 desudarunt.
978 1629 1010 1690 Is
1033 1636 1148 1691 autem
1173 1629 1230 1708 qui
1254 1628 1403 1709 loquitur

201 1769 250 1811 ex
276 1767 319 1810 eo
351 1768 475 1830 genere
502 1757 555 1811 est
579 1749 754 1811 hominum
780 1769 866 1830 quos
889 1748 1032 1811 obscure
1057 1754 1283 1827 contorteque
1308 1746 1400 1827 loqui

203 1886 275 1929 non
307 1867 408 1929 nimis
440 1868 609 1930 miremur.
638 1867 782 1942 Cassius,
814 1869 935 1929 doctus
967 1864 1220 1929 iurisconsultus
1252 1872 1287 1926 et
1317 1866 1402 1927 anti·

202 1987 353 2068 quarius,
396 1995 552 2049 extrema
591 2007 664 2049 esse
700 1987 865 2049 utendum
900 1986 1062 2049 adversus
1096 2004 1222 2058 servos,
1258 2004 1402 2065 quorum

202 2106 337 2168 domini
366 2114 445 2168 sunt
469 2107 581 2181 occisi,
606 2107 788 2169 severitate
813 2104 926 2167 multis
949 2105 1156 2187 argumentis
1180 2103 1238 2167 ubi
1263 2103 1403 2166 demon·

202 2224 337 2298 stravit,
363 2234 537 2305 postremo
562 2225 645 2287 haec
670 2225 784 2287 addit:

255 2341 372 2421 ,Servi
395 2343 423 2404 si
448 2344 605 2424 prodant,
627 2362 806 2424 possumus
825 2342 947 2424 singuli
968 2343 1056 2404 inter
1080 2342 1202 2423 plures,
1225 2343 1290 2404 tuti
1315 2342 1403 2404 inter

202 2463 337 2537 anxios,
362 2470 537 2544 postremo
561 2461 587 2523 si
613 2462 824 2542 pereundum
849 2461 892 2523 sit
918 2481 985 2523 non
1010 2461 1106 2524 inulti
1131 2462 1219 2524 inter
1240 2470 1402 2523 nocentes

204 2581 342 2664 agere’'.

251 2700 440 2782 Corruptus
471 2699 566 2762 locus
597 2699 687 2761 visus
717 2706 770 2760 est
798 2698 1019 2780 Nipperdei0,
1044 2699 1103 2760 sed
1128 2698 1275 2760 lectione
1298 2718 1402 2779 quam

204 2818 262 2881 ille
294 2819 489 2900 proposuit:
526 2818 650 2897 ,servis
681 2818 708 2879 si
733 2817 944 2898 pereundum
968 2817 1021 2889 sit,
1046 2818 1080 2879 ni
1105 2816 1262 2898 prodant,
1288 2836 1403 2897 possu-

205 2958 282 3001 mus
316 2936 439 3018 singuli
475 2938 563 2999 inter
597 2936 720 3019 plures,
752 2937 816 2998 tuti
849 2937 937 2998 inter
967 2936 1096 3009 anxios,
1129 2945 1303 3017 postremo
1335 2955 1402 2997 non

204 3057 304 3121 inulti
329 3057 418 3119 inter
441 3065 604 3118 nocentes
627 3055 760 3138 agere'’,
786 3055 891 3118 nihilo
916 3055 954 3118 fit
977 3056 1185 3137 expeditior;
1212 3075 1289 3117 nam
1310 3055 1401 3136 quod

206 3176 484 3240 molestissimum
508 3183 559 3237 est
579 3182 749 3237 remanet:
772 3174 805 3236 et
826 3175 860 3236 in
881 3194 970 3236 nova
990 3173 1137 3237 lectione
1157 3174 1191 3236 et
1211 3176 1245 3236 in
1267 3173 1404 3255 vulgata

205 3315 309 3379 agere
340 3296 498 3358 dicuntur
529 3301 600 3356 tam
632 3294 761 3356 domini
793 3292 850 3368 illi,
883 3295 939 3375 qui
972 3294 1065 3356 domi
1097 3313 1176 3356 suae
1200 3302 1278 3355 sunt
1302 3294 1403 3355 inter-

206 3414 298 3489 iecti,
318 3434 422 3496 quam
443 3414 547 3478 ceteri
568 3433 696 3475 omnes.
720 3413 838 3476 Notari
859 3433 940 3494 ergo
961 3413 1015 3475 hic
1037 3434 1056 3475 a
1076 3412 1196 3475 Tacito
1211 3414 1402 3475 intricatam

205 3533 449 3615 horridamque
485 3532 590 3596 Cassii
625 3532 815 3594 orationem
851 3531 1036 3594 Pfitznerus
1071 3540 1187 3593 censet
1218 3566 1261 3575 -
1293 3549 1404 3611 neque

206 3652 350 3715 fortasse
386 3652 522 3714 iniuria:
559 3657 651 3712 certe
688 3650 768 3712 mihi
805 3649 888 3712 nihil
923 3651 956 3711 in
993 3656 1144 3711 mentem
1181 3649 1274 3711 venit
1309 3649 1401 3729 quod

206 3771 330 3835 melius
353 3771 518 3833 videatur.

251 3888 322 3954 Sed
356 3891 384 3952 si
419 3888 560 3951 omnino
596 3907 712 3949 verum
748 3895 800 3949 est
835 3888 926 3968 quod
960 3886 1147 3949 Pfitznerus
1177 3886 1296 3948 statuit
1327 3886 1404 3968 (ego

205 4008 299 4070 enim
324 4006 446 4070 dubito
470 4006 596 4087 etiam),
619 4006 760 4068 sortasse
781 4025 884 4068 unum
905 4006 1023 4069 afferre
1043 4006 1154 4069 locum
1176 4027 1324 4088 possum,
1346 4007 1403 4070 ubi

207 4125 266 4189 fiat
299 4126 399 4189 illud:
432 4125 478 4188 ibi
502 4133 617 4188 autem
642 4134 676 4187 et
701 4145 753 4188 res
777 4126 820 4188 de
844 4146 911 4207 qua
935 4128 1046 4208 agitur
1070 4136 1103 4189 et
1127 4128 1155 4189 is
1179 4127 1235 4208 qui
1261 4126 1404 4208 loquens

208 4245 379 4308 inducitur
398 4244 565 4306 eiusmodi
586 4253 663 4306 sunt
684 4254 721 4307 ut
740 4245 886 4326 suspicio
907 4244 963 4306 illa
984 4265 1052 4308 non
1071 4247 1171 4309 nimis
1183 4247 1283 4328 longe
1296 4246 1404 4327 petita

210 4363 315 4425 videri
339 4363 458 4445 possit.
483 4361 527 4423 A.
548 4362 609 4436 XI,
631 4380 682 4442 31.
707 4362 876 4426 Omnibus
900 4363 1009 4425 modis
1029 4364 1196 4440 Callistus,
1218 4365 1404 4439 Narcissus,
