3292 5280
810 416 849 483 95

224 576 417 642 Octaviam.
448 577 550 640 Exim
578 577 658 641 laeti
682 577 888 659 Capitolium
913 580 1081 642 scandunt
1105 580 1255 660 deosque
1281 580 1421 642 tandem

226 706 441 760 venerantur.
474 697 613 780 Effigies
644 698 823 780 Poppaeae
853 707 1027 780 proruunt,
1061 697 1225 761 Octaviae
1258 698 1421 779 imagines

224 825 362 897 gestant
394 817 518 879 umeris
549 837 578 879 e.
596 838 628 899 q.
646 816 704 878 s.”.
734 815 790 880 Sic
815 819 942 892 codex;
970 818 1198 900 Nipperdeius
1222 839 1283 901 pro
1307 838 1420 899 quam·

223 957 325 1018 quam
356 936 438 1018 legit
466 950 647 1018 tamquam,
673 957 735 1019 pro
759 939 926 1000 revocavit
948 939 1116 1000 revocarit
1139 947 1172 1000 et
1198 946 1274 1019 post
1298 937 1351 1000 his
1374 937 1419 999 la·

224 1073 334 1116 cunae
355 1056 452 1136 ponit
471 1055 621 1136 signum,
643 1055 816 1130 hactenus,
835 1065 870 1118 ut
888 1057 1019 1138 opinor,
1036 1056 1232 1119 rectissime.
1247 1055 1314 1120 Sed
1328 1055 1420 1136 quod

225 1173 383 1236 lacunam
415 1174 507 1236 illam
538 1174 590 1237 his
620 1174 689 1237 lere
722 1174 833 1238 verbis
863 1174 1088 1258 supplendam
1124 1176 1259 1238 statuit:
1291 1175 1422 1237 vocibus

224 1294 415 1377 supervenit
447 1295 558 1358 inanis
592 1315 719 1368 rumor,
756 1294 823 1357 salli
855 1296 991 1358 videtur
1022 1296 1071 1358 vir
1103 1294 1419 1377 praestantissimus.

227 1413 399 1495 Equidem
430 1415 596 1477 eiusmodi
628 1415 755 1495 aliquid
788 1414 961 1477 desidero:
994 1413 1149 1497 Poppaea
1177 1414 1230 1476 his
1256 1414 1420 1495 questibus

220 1543 377 1615 permota
396 1553 565 1596 rumorem
578 1545 643 1616 per
662 1533 807 1596 homines
826 1532 890 1596 sibi
906 1534 1031 1597 deditos
1050 1535 1187 1616 sparsit.
1205 1533 1294 1596 Nam
1307 1535 1421 1596 omnia

226 1671 314 1733 quae
339 1652 463 1714 deinde
488 1650 572 1715 fiunt
596 1653 776 1734 Poppaeae
800 1652 884 1714 fiunt
905 1652 1083 1714 instinctu:
1105 1653 1161 1715 illa
1180 1653 1296 1714 statim
1316 1653 1423 1715 turbis

225 1769 290 1833 illis
322 1772 355 1833 in
388 1772 553 1834 honorem
585 1771 749 1835 Octaviae
777 1773 879 1834 motis
902 1772 1053 1834 abutitur
1075 1772 1119 1834 ad
1144 1769 1324 1834 Octaviam
1350 1792 1423 1853 per-

227 1891 387 1953 dendam.
412 1889 502 1972 Quid
527 1911 608 1972 ergo
632 1892 844 1954 verisimilius
868 1911 971 1972 quarn
995 1892 1085 1974 ipsas
1105 1911 1242 1972 quoque
1262 1892 1334 1954 illas
1354 1900 1422 1954 tur-

227 2009 288 2072 bas
312 2009 493 2092 Poppaeae
517 2010 598 2074 dolo
622 2009 808 2074 excitatas?
832 2011 965 2074 Territa
988 2012 1164 2092 questibus
1188 2030 1314 2086 eorum,
1337 2032 1422 2093 quos

225 2126 392 2193 Octaviae
416 2130 608 2205 miserebat,
633 2151 674 2192 ea
695 2131 859 2205 struebat,
879 2151 966 2212 quae
986 2130 1114 2193 Neroni
1136 2151 1271 2213 quoque
1294 2140 1421 2194 metum

225 2258 341 2312 essent
372 2249 553 2312 iniectura:
585 2250 769 2331 spargebat
799 2271 969 2313 rumorem
1001 2252 1043 2313 de
1076 2251 1220 2316 Octavia
1251 2260 1420 2327 revocata,

225 2368 420 2450 intelligens
449 2378 522 2432 tum
550 2371 688 2433 demum
712 2379 868 2452 apertum
894 2370 963 2446 sore
989 2369 1104 2452 populi
1129 2370 1222 2433 inse
1247 2372 1363 2434 odium
1387 2381 1421 2434 et

225 2508 308 2570 erga
333 2487 513 2552 Octaviam
537 2488 698 2551 savorem.

271 2607 317 2670 A.
338 2606 416 2682 XV,
439 2622 490 2688 50.
511 2606 697 2689 Postquam
716 2608 865 2671 narravit
885 2609 942 2689 qui
964 2607 1086 2671 luerint
1107 2609 1237 2671 Pisonis
1250 2610 1375 2672 conscii
1389 2619 1423 2673 et

224 2727 308 2808 quid
336 2745 395 2789 eos
418 2728 461 2789 ad
487 2735 620 2789 tantum
645 2727 773 2790 lacinus
797 2728 992 2790 audendum
1018 2728 1199 2810 impulerit,
1224 2731 1271 2791 sic
1296 2731 1421 2811 pergit:

274 2845 340 2925 ,Et
372 2847 502 2928 cepisse
534 2847 700 2928 impetum
732 2843 872 2908 Subrius
897 2846 1022 2909 Flavus
1046 2845 1217 2909 serebatur
1240 2848 1273 2909 in
1299 2868 1421 2911 scaena

221 2973 407 3029 canentem
432 2966 604 3028 Neronem
628 2966 860 3047 aggrediendi,
885 2975 943 3028 aut
967 2985 1044 3028 cum
1068 2967 1210 3029 ardente
1235 2967 1339 3029 domo
1363 2988 1423 3049 per

222 3095 365 3149 noctem
396 3086 461 3148 huc
493 3086 571 3148 illuc
603 3095 752 3149 cursaret
784 3086 1020 3149 incustoditus.
1053 3087 1118 3148 Hic
1151 3088 1285 3149 occasio
1308 3087 1423 3150 solitu·

223 3207 325 3281 dinis,
357 3205 403 3268 ibi
435 3206 508 3288 ipsa
539 3205 729 3287 frequentia
760 3206 846 3268 tanti
877 3206 1010 3267 decoris
1041 3206 1137 3267 testis
1154 3204 1421 3288 pulcherrimum

222 3325 377 3389 animum
404 3325 717 3400 exstimulaverant,
747 3326 808 3387 nisi
833 3325 1044 3407 impunitatis
1068 3325 1194 3406 cupido
1219 3326 1420 3400 retinuisset,

224 3445 359 3526 magnis
382 3463 518 3526 semper
541 3444 721 3506 conatibus
744 3442 921 3507 adversa'’.

271 3562 337 3625 Pro
362 3562 632 3646 pulcherrimum
669 3562 856 3627 Urlichsius
883 3561 1117 3645 pulcherrima
1149 3561 1241 3643 legit,
1273 3559 1419 3625 Orellius

223 3682 331 3764 (quod
364 3690 535 3763 praestare
567 3682 712 3764 videtur)
735 3680 1001 3764 pulcherrimum
1025 3680 1074 3742 ad
1086 3681 1236 3762 facinus.
1261 3678 1328 3743 Sed
1356 3680 1419 3741 hoc

223 3801 362 3864 mittere
380 3820 568 3882 possumus,
588 3801 632 3862 de
652 3801 773 3862 ceteris
794 3800 979 3862 videamus.
998 3797 1144 3862 Primum
1162 3818 1289 3880 quaero
1306 3818 1419 3860 nonne

223 3939 288 4002 pro
312 3918 494 4002 ferebatur
518 3919 699 4000 legendum
723 3919 766 3981 sit
783 3920 922 4001 fertur:
948 3916 1146 3979 incredibile
1171 3919 1261 3979 enim
1287 3919 1420 3980 videtur

223 4059 287 4121 per
325 4039 494 4120 integrum
532 4058 660 4100 anuum
699 4037 905 4099 incolumem
940 4034 1040 4097 luisse
1076 4035 1230 4109 Flavum,
1265 4037 1420 4117 quamvis

223 4158 392 4221 eiusmodi
412 4156 456 4218 de
475 4177 517 4220 eo
537 4165 649 4220 essent
670 4177 820 4219 rumores
841 4155 894 4218 vel
915 4157 1002 4216 inter
1022 4156 1185 4217 conscios
1208 4157 1284 4218 Hoc
1304 4163 1419 4218 tamen

222 4296 269 4339 ex
291 4274 591 4340 exstimulaverant
614 4296 676 4358 pro
700 4284 794 4337 certo
819 4275 951 4336 efficere
973 4292 1151 4354 possumus
1170 4275 1237 4335 iam
1259 4273 1340 4335 satis
1361 4274 1417 4335 diu

221 4404 305 4458 ante
336 4393 419 4456 illud
449 4402 585 4475 tempus
612 4394 837 4457 incoluisse
863 4391 1019 4454 Flavium
1044 4401 1080 4453 ut
1106 4392 1277 4455 Neronem
1301 4411 1421 4473 aggre-
