<?xml version="1.0" encoding="UTF-8"?>
<!DOCTYPE html PUBLIC "-//W3C//DTD XHTML 1.0 Transitional//EN"
    "http://www.w3.org/TR/xhtml1/DTD/xhtml1-transitional.dtd">
<html xmlns="http://www.w3.org/1999/xhtml" xml:lang="en" lang="en">
 <head>
  <title>
</title>
<meta http-equiv="Content-Type" content="text/html;charset=utf-8" />
  <meta name='ocr-system' content='tesseract 3.04.00' />
  <meta name='ocr-capabilities' content='ocr_page ocr_carea ocr_par ocr_line ocrx_word'/>
</head>
<body>
  <div class='ocr_page' id='page_1' title='image "./analectatacitea00hartgoog_0216.png"; bbox 0 0 3210 5274; ppageno 0'>
   <div class='ocr_carea' id='block_1_1' title="bbox 790 393 850 458">
    <p class='ocr_par' dir='ltr' id='par_1_1' title="bbox 790 393 850 458">
     <span class='ocr_line' id='line_1_1' title="bbox 790 393 850 458; baseline 0.033 -18"><span class='ocrx_word' id='word_1_1' title='bbox 790 393 850 458; x_wconf 83' lang='lat'>205</span> 
     </span>
    </p>
   </div>
   <div class='ocr_carea' id='block_1_2' title="bbox 266 556 1418 638">
    <p class='ocr_par' dir='ltr' id='par_1_2' title="bbox 266 556 1418 638">
     <span class='ocr_line' id='line_1_2' title="bbox 266 556 1418 638; baseline -0.002 -18"><span class='ocrx_word' id='word_1_2' title='bbox 266 557 323 622; x_wconf 88' lang='lat' dir='ltr'>Sic</span> <span class='ocrx_word' id='word_1_3' title='bbox 341 557 481 620; x_wconf 81' lang='lat' dir='ltr'><strong>Tacitus</strong></span> <span class='ocrx_word' id='word_1_4' title='bbox 493 557 644 638; x_wconf 90' lang='lat' dir='ltr'>scripsit;</span> <span class='ocrx_word' id='word_1_5' title='bbox 660 576 737 618; x_wconf 91' lang='lat' dir='ltr'>nam</span> <span class='ocrx_word' id='word_1_6' title='bbox 752 576 839 637; x_wconf 90' lang='lat' dir='ltr'>quae</span> <span class='ocrx_word' id='word_1_7' title='bbox 853 565 930 638; x_wconf 91' lang='lat' dir='ltr'>post</span> <span class='ocrx_word' id='word_1_8' title='bbox 943 556 1059 619; x_wconf 86' lang='lat' dir='ltr'>Fontei</span> <span class='ocrx_word' id='word_1_9' title='bbox 1072 556 1239 637; x_wconf 80' lang='lat' dir='ltr'><em>Capitonis</em></span> <span class='ocrx_word' id='word_1_10' title='bbox 1252 557 1285 618; x_wconf 91' lang='lat' dir='ltr'>in</span> <span class='ocrx_word' id='word_1_11' title='bbox 1300 557 1418 619; x_wconf 89' lang='lat' dir='ltr'>codice</span> 
     </span>
    </p>
   </div>
   <div class='ocr_carea' id='block_1_3' title="bbox 219 653 1420 762">
    <p class='ocr_par' dir='ltr' id='par_1_3' title="bbox 219 653 1420 762">
     <span class='ocr_line' id='line_1_3' title="bbox 219 653 1420 762; baseline -0.002 -20"><span class='ocrx_word' id='word_1_12' title='bbox 219 653 395 762; x_wconf 69' lang='lat' dir='ltr'>leguntul:</span> <span class='ocrx_word' id='word_1_13' title='bbox 430 678 640 758; x_wconf 79' lang='lat' dir='ltr'>,adimendis</span> <span class='ocrx_word' id='word_1_14' title='bbox 670 677 926 758; x_wconf 83' lang='lat' dir='ltr'>assignandisve</span> <span class='ocrx_word' id='word_1_15' title='bbox 958 676 1097 739; x_wconf 90' lang='lat' dir='ltr'>militiae</span> <span class='ocrx_word' id='word_1_16' title='bbox 1129 676 1347 751; x_wconf 90' lang='lat' dir='ltr'>ordinibus,”</span> <span class='ocrx_word' id='word_1_17' title='bbox 1380 697 1420 740; x_wconf 89' lang='lat' dir='ltr'>ea</span> 
     </span>
    </p>
   </div>
   <div class='ocr_carea' id='block_1_4' title="bbox 201 796 1419 3751">
    <p class='ocr_par' dir='ltr' id='par_1_4' title="bbox 219 796 1419 1118">
     <span class='ocr_line' id='line_1_4' title="bbox 219 796 1418 879; baseline -0.001 -20"><span class='ocrx_word' id='word_1_18' title='bbox 219 797 337 872; x_wconf 67' lang='lat' dir='ltr'>sciolo</span> <span class='ocrx_word' id='word_1_19' title='bbox 362 797 419 878; x_wconf 89' lang='lat' dir='ltr'>qui</span> <span class='ocrx_word' id='word_1_20' title='bbox 444 797 572 879; x_wconf 90' lang='lat' dir='ltr'>primus</span> <span class='ocrx_word' id='word_1_21' title='bbox 591 796 780 878; x_wconf 86' lang='lat' dir='ltr'>adscripsit,</span> <span class='ocrx_word' id='word_1_22' title='bbox 801 816 874 859; x_wconf 92' lang='lat' dir='ltr'>esse</span> <span class='ocrx_word' id='word_1_23' title='bbox 894 797 1079 870; x_wconf 89' lang='lat' dir='ltr'>reddenda,</span> <span class='ocrx_word' id='word_1_24' title='bbox 1101 816 1162 879; x_wconf 87' lang='lat' dir='ltr'>pro</span> <span class='ocrx_word' id='word_1_25' title='bbox 1182 816 1243 858; x_wconf 92' lang='lat' dir='ltr'>suo</span> <span class='ocrx_word' id='word_1_26' title='bbox 1263 797 1418 859; x_wconf 86' lang='lat' dir='ltr'>acumine</span> 
     </span>
     <span class='ocr_line' id='line_1_5' title="bbox 220 915 1419 998; baseline 0 -19"><span class='ocrx_word' id='word_1_27' title='bbox 220 918 350 979; x_wconf 91' lang='lat' dir='ltr'>dudum</span> <span class='ocrx_word' id='word_1_28' title='bbox 376 916 605 998; x_wconf 90' lang='lat' dir='ltr'>Nipperdeius</span> <span class='ocrx_word' id='word_1_29' title='bbox 626 917 811 997; x_wconf 85' lang='lat' dir='ltr'>perspexit.</span> <span class='ocrx_word' id='word_1_30' title='bbox 833 915 898 978; x_wconf 88' lang='lat' dir='ltr'>Vel</span> <span class='ocrx_word' id='word_1_31' title='bbox 919 937 985 979; x_wconf 92' lang='lat' dir='ltr'>una</span> <span class='ocrx_word' id='word_1_32' title='bbox 1006 937 1073 978; x_wconf 90' lang='lat' dir='ltr'>vox</span> <span class='ocrx_word' id='word_1_33' title='bbox 1095 915 1234 980; x_wconf 84' lang='lat' dir='ltr'>militiae</span> <span class='ocrx_word' id='word_1_34' title='bbox 1245 927 1419 979; x_wconf 89' lang='lat' dir='ltr'>auctorem</span> 
     </span>
     <span class='ocr_line' id='line_1_6' title="bbox 220 1037 348 1118; baseline -0.016 -20"><span class='ocrx_word' id='word_1_35' title='bbox 220 1037 348 1118; x_wconf 90' lang='lat' dir='ltr'>prodit.</span> 
     </span>
    </p>

    <p class='ocr_par' dir='ltr' id='par_1_5' title="bbox 218 1154 1418 1597">
     <span class='ocr_line' id='line_1_7' title="bbox 266 1154 1417 1238; baseline 0.002 -22"><span class='ocrx_word' id='word_1_36' title='bbox 266 1154 310 1217; x_wconf 91' lang='lat' dir='ltr'>H.</span> <span class='ocrx_word' id='word_1_37' title='bbox 348 1155 373 1228; x_wconf 93' lang='lat' dir='ltr'>l,</span> <span class='ocrx_word' id='word_1_38' title='bbox 409 1157 462 1236; x_wconf 86' lang='lat'>85.</span> <span class='ocrx_word' id='word_1_39' title='bbox 507 1154 690 1236; x_wconf 88' lang='lat' dir='ltr'>Postquam</span> <span class='ocrx_word' id='word_1_40' title='bbox 727 1154 858 1236; x_wconf 88' lang='lat' dir='ltr'>perfido</span> <span class='ocrx_word' id='word_1_41' title='bbox 894 1155 1034 1218; x_wconf 92' lang='lat' dir='ltr'>consilio</span> <span class='ocrx_word' id='word_1_42' title='bbox 1067 1156 1250 1238; x_wconf 85' lang='lat' dir='ltr'>¹imperium</span> <span class='ocrx_word' id='word_1_43' title='bbox 1288 1155 1417 1218; x_wconf 85' lang='lat' dir='ltr'>Galbae</span> 
     </span>
     <span class='ocr_line' id='line_1_8' title="bbox 218 1272 1418 1358; baseline 0 -21"><span class='ocrx_word' id='word_1_44' title='bbox 218 1275 420 1356; x_wconf 88' lang='lat' dir='ltr'>ademptum</span> <span class='ocrx_word' id='word_1_45' title='bbox 456 1275 490 1336; x_wconf 92' lang='lat' dir='ltr'>in</span> <span class='ocrx_word' id='word_1_46' title='bbox 524 1294 560 1337; x_wconf 90' lang='lat' dir='ltr'>se</span> <span class='ocrx_word' id='word_1_47' title='bbox 596 1274 813 1338; x_wconf 85' lang='lat' dir='ltr'>transtulerat</span> <span class='ocrx_word' id='word_1_48' title='bbox 849 1272 953 1350; x_wconf 86' lang='lat' dir='ltr'>Otho,</span> <span class='ocrx_word' id='word_1_49' title='bbox 989 1276 1140 1338; x_wconf 93' lang='lat' dir='ltr'>nondum</span> <span class='ocrx_word' id='word_1_50' title='bbox 1175 1285 1290 1339; x_wconf 90' lang='lat' dir='ltr'>tamen</span> <span class='ocrx_word' id='word_1_51' title='bbox 1322 1277 1418 1358; x_wconf 92' lang='lat' dir='ltr'>quies</span> 
     </span>
     <span class='ocr_line' id='line_1_9' title="bbox 219 1393 1415 1476; baseline 0.002 -19"><span class='ocrx_word' id='word_1_52' title='bbox 219 1395 385 1468; x_wconf 87' lang='lat' dir='ltr'>redierat,</span> <span class='ocrx_word' id='word_1_53' title='bbox 421 1395 548 1476; x_wconf 84' lang='lat' dir='ltr'>ignaris</span> <span class='ocrx_word' id='word_1_54' title='bbox 578 1395 756 1457; x_wconf 89' lang='lat' dir='ltr'>etiamtum</span> <span class='ocrx_word' id='word_1_55' title='bbox 788 1393 919 1457; x_wconf 92' lang='lat' dir='ltr'>civibus</span> <span class='ocrx_word' id='word_1_56' title='bbox 949 1395 1016 1458; x_wconf 89' lang='lat' dir='ltr'>iam</span> <span class='ocrx_word' id='word_1_57' title='bbox 1048 1397 1090 1458; x_wconf 94' lang='lat' dir='ltr'>ad</span> <span class='ocrx_word' id='word_1_58' title='bbox 1123 1405 1254 1458; x_wconf 89' lang='lat' dir='ltr'>certum</span> <span class='ocrx_word' id='word_1_59' title='bbox 1286 1397 1415 1460; x_wconf 90' lang='lat' dir='ltr'>exitum</span> 
     </span>
     <span class='ocr_line' id='line_1_10' title="bbox 219 1515 535 1597; baseline -0.003 -20"><span class='ocrx_word' id='word_1_60' title='bbox 219 1515 422 1597; x_wconf 90' lang='lat' dir='ltr'>perductam</span> <span class='ocrx_word' id='word_1_61' title='bbox 446 1534 535 1576; x_wconf 90' lang='lat' dir='ltr'>rem:</span> 
     </span>
    </p>

    <p class='ocr_par' dir='ltr' id='par_1_6' title="bbox 209 1633 1418 2791">
     <span class='ocr_line' id='line_1_11' title="bbox 266 1633 1416 1717; baseline 0 -20"><span class='ocrx_word' id='word_1_62' title='bbox 266 1633 416 1713; x_wconf 87' lang='lat' dir='ltr'>,Coacto</span> <span class='ocrx_word' id='word_1_63' title='bbox 436 1653 517 1695; x_wconf 88' lang='lat' dir='ltr'>vero</span> <span class='ocrx_word' id='word_1_64' title='bbox 535 1633 569 1694; x_wconf 91' lang='lat' dir='ltr'>in</span> <span class='ocrx_word' id='word_1_65' title='bbox 582 1633 709 1695; x_wconf 90' lang='lat' dir='ltr'>curiam</span> <span class='ocrx_word' id='word_1_66' title='bbox 722 1642 841 1695; x_wconf 89' lang='lat' dir='ltr'>senatu</span> <span class='ocrx_word' id='word_1_67' title='bbox 855 1634 980 1696; x_wconf 90' lang='lat' dir='ltr'>arduus</span> <span class='ocrx_word' id='word_1_68' title='bbox 993 1654 1104 1717; x_wconf 89' lang='lat' dir='ltr'>rerum</span> <span class='ocrx_word' id='word_1_69' title='bbox 1118 1635 1269 1697; x_wconf 89' lang='lat' dir='ltr'>omnium</span> <span class='ocrx_word' id='word_1_70' title='bbox 1284 1637 1416 1710; x_wconf 93' lang='lat' dir='ltr'>modus,</span> 
     </span>
     <span class='ocr_line' id='line_1_12' title="bbox 217 1752 1416 1836; baseline 0.003 -22"><span class='ocrx_word' id='word_1_71' title='bbox 217 1772 260 1814; x_wconf 87' lang='lat' dir='ltr'>ne</span> <span class='ocrx_word' id='word_1_72' title='bbox 279 1762 466 1815; x_wconf 88' lang='lat' dir='ltr'>contumax</span> <span class='ocrx_word' id='word_1_73' title='bbox 486 1752 667 1827; x_wconf 86' lang='lat' dir='ltr'>silentium,</span> <span class='ocrx_word' id='word_1_74' title='bbox 687 1773 729 1815; x_wconf 91' lang='lat' dir='ltr'>ne</span> <span class='ocrx_word' id='word_1_75' title='bbox 748 1763 905 1836; x_wconf 90' lang='lat' dir='ltr'>suspecta</span> <span class='ocrx_word' id='word_1_76' title='bbox 923 1753 1078 1829; x_wconf 91' lang='lat' dir='ltr'>libertas;</span> <span class='ocrx_word' id='word_1_77' title='bbox 1093 1763 1128 1816; x_wconf 90' lang='lat' dir='ltr'>et</span> <span class='ocrx_word' id='word_1_78' title='bbox 1141 1755 1275 1836; x_wconf 90' lang='lat' dir='ltr'>privato</span> <span class='ocrx_word' id='word_1_79' title='bbox 1288 1754 1416 1819; x_wconf 93' lang='lat' dir='ltr'>Othoni</span> 
     </span>
     <span class='ocr_line' id='line_1_13' title="bbox 219 1871 1415 1959; baseline 0.003 -25"><span class='ocrx_word' id='word_1_80' title='bbox 219 1892 327 1953; x_wconf 88' lang='lat' dir='ltr'>nuper</span> <span class='ocrx_word' id='word_1_81' title='bbox 346 1881 429 1934; x_wconf 93' lang='lat' dir='ltr'>nota</span> <span class='ocrx_word' id='word_1_82' title='bbox 447 1871 631 1935; x_wconf 85' lang='lat' dir='ltr'>adulati0.”</span> <span class='ocrx_word' id='word_1_83' title='bbox 656 1872 767 1935; x_wconf 89' lang='lat' dir='ltr'>Verus</span> <span class='ocrx_word' id='word_1_84' title='bbox 781 1873 834 1935; x_wconf 89' lang='lat' dir='ltr'>hic</span> <span class='ocrx_word' id='word_1_85' title='bbox 848 1872 986 1936; x_wconf 90' lang='lat' dir='ltr'>Tacitus</span> <span class='ocrx_word' id='word_1_86' title='bbox 999 1875 1203 1959; x_wconf 84' lang='lat' dir='ltr'>agnoscitur,</span> <span class='ocrx_word' id='word_1_87' title='bbox 1217 1876 1415 1956; x_wconf 90' lang='lat' dir='ltr'>praesertim</span> 
     </span>
     <span class='ocr_line' id='line_1_14' title="bbox 217 1990 1416 2076; baseline 0.003 -23"><span class='ocrx_word' id='word_1_88' title='bbox 217 1992 250 2053; x_wconf 88' lang='lat' dir='ltr'>in</span> <span class='ocrx_word' id='word_1_89' title='bbox 273 1991 400 2054; x_wconf 89' lang='lat' dir='ltr'>ultimis</span> <span class='ocrx_word' id='word_1_90' title='bbox 420 2005 451 2056; x_wconf 86' lang='lat' dir='ltr'>et</span> <span class='ocrx_word' id='word_1_91' title='bbox 463 1993 603 2073; x_wconf 80' lang='lat' dir='ltr'>privato</span> <span class='ocrx_word' id='word_1_92' title='bbox 626 1990 747 2056; x_wconf 78' lang='lat' dir='ltr'>Othoni</span> <span class='ocrx_word' id='word_1_93' title='bbox 765 2005 870 2076; x_wconf 85' lang='lat' dir='ltr'>nuper</span> <span class='ocrx_word' id='word_1_94' title='bbox 890 2005 967 2056; x_wconf 86' lang='lat' dir='ltr'>nota</span> <span class='ocrx_word' id='word_1_95' title='bbox 986 1993 1145 2068; x_wconf 85' lang='lat' dir='ltr'>adulatio,</span> <span class='ocrx_word' id='word_1_96' title='bbox 1167 1995 1258 2075; x_wconf 94' lang='lat' dir='ltr'>quod</span> <span class='ocrx_word' id='word_1_97' title='bbox 1280 1996 1416 2076; x_wconf 86' lang='lat' dir='ltr'>egregia</span> 
     </span>
     <span class='ocr_line' id='line_1_15' title="bbox 217 2111 1418 2197; baseline 0.002 -23"><span class='ocrx_word' id='word_1_98' title='bbox 217 2111 387 2174; x_wconf 87' lang='lat' dir='ltr'>brevitate</span> <span class='ocrx_word' id='word_1_99' title='bbox 407 2112 490 2174; x_wconf 94' lang='lat' dir='ltr'>haec</span> <span class='ocrx_word' id='word_1_100' title='bbox 503 2112 688 2193; x_wconf 86' lang='lat' dir='ltr'>significat:</span> <span class='ocrx_word' id='word_1_101' title='bbox 706 2111 829 2191; x_wconf 90' lang='lat' dir='ltr'>,Oth0,</span> <span class='ocrx_word' id='word_1_102' title='bbox 842 2113 898 2193; x_wconf 90' lang='lat' dir='ltr'>qui</span> <span class='ocrx_word' id='word_1_103' title='bbox 913 2113 1029 2193; x_wconf 89' lang='lat' dir='ltr'>paucis</span> <span class='ocrx_word' id='word_1_104' title='bbox 1042 2113 1162 2176; x_wconf 90' lang='lat' dir='ltr'>diebus</span> <span class='ocrx_word' id='word_1_105' title='bbox 1174 2122 1253 2176; x_wconf 88' lang='lat' dir='ltr'>ante</span> <span class='ocrx_word' id='word_1_106' title='bbox 1267 2116 1418 2197; x_wconf 90' lang='lat' dir='ltr'>privatus</span> 
     </span>
     <span class='ocr_line' id='line_1_16' title="bbox 216 2218 1416 2315; baseline 0.002 -21"><span class='ocrx_word' id='word_1_107' title='bbox 216 2231 336 2306; x_wconf 80' lang='lat' dir='ltr'>iuerat,</span> <span class='ocrx_word' id='word_1_108' title='bbox 371 2230 467 2294; x_wconf 88' lang='lat' dir='ltr'>facile</span> <span class='ocrx_word' id='word_1_109' title='bbox 496 2218 729 2294; x_wconf 89' lang='lat' dir='ltr'>adulationem</span> <span class='ocrx_word' id='word_1_110' title='bbox 753 2252 772 2293; x_wconf 89' lang='lat' dir='ltr'>a</span> <span class='ocrx_word' id='word_1_111' title='bbox 796 2232 940 2294; x_wconf 86' lang='lat' dir='ltr'>veritate</span> <span class='ocrx_word' id='word_1_112' title='bbox 965 2232 1164 2313; x_wconf 84' lang='lat' dir='ltr'>dignoscere</span> <span class='ocrx_word' id='word_1_113' title='bbox 1189 2242 1340 2315; x_wconf 89' lang='lat' dir='ltr'>poterat;</span> <span class='ocrx_word' id='word_1_114' title='bbox 1365 2243 1416 2296; x_wconf 92' lang='lat' dir='ltr'>ut·</span> 
     </span>
     <span class='ocr_line' id='line_1_17' title="bbox 216 2349 1416 2433; baseline 0.002 -19"><span class='ocrx_word' id='word_1_115' title='bbox 216 2360 300 2433; x_wconf 90' lang='lat' dir='ltr'>pote</span> <span class='ocrx_word' id='word_1_116' title='bbox 325 2351 383 2432; x_wconf 93' lang='lat' dir='ltr'>qui</span> <span class='ocrx_word' id='word_1_117' title='bbox 406 2370 509 2433; x_wconf 90' lang='lat' dir='ltr'>saepe</span> <span class='ocrx_word' id='word_1_118' title='bbox 534 2349 590 2412; x_wconf 91' lang='lat' dir='ltr'>illa</span> <span class='ocrx_word' id='word_1_119' title='bbox 614 2371 692 2413; x_wconf 90' lang='lat' dir='ltr'>usus</span> <span class='ocrx_word' id='word_1_120' title='bbox 716 2360 805 2412; x_wconf 91' lang='lat' dir='ltr'>esset</span> <span class='ocrx_word' id='word_1_121' title='bbox 830 2350 934 2432; x_wconf 85' lang='lat' dir='ltr'>ipse.&#39;’</span> <span class='ocrx_word' id='word_1_122' title='bbox 961 2351 1103 2415; x_wconf 90' lang='lat' dir='ltr'>Ultrane</span> <span class='ocrx_word' id='word_1_123' title='bbox 1128 2351 1272 2415; x_wconf 88' lang='lat' dir='ltr'>ieramus</span> <span class='ocrx_word' id='word_1_124' title='bbox 1294 2372 1416 2416; x_wconf 92' lang='lat' dir='ltr'>nervos</span> 
     </span>
     <span class='ocr_line' id='line_1_18' title="bbox 215 2469 1415 2554; baseline 0.003 -21"><span class='ocrx_word' id='word_1_125' title='bbox 215 2469 377 2533; x_wconf 89' lang='lat' dir='ltr'>Taciteos</span> <span class='ocrx_word' id='word_1_126' title='bbox 408 2470 462 2533; x_wconf 92' lang='lat' dir='ltr'>hic</span> <span class='ocrx_word' id='word_1_127' title='bbox 495 2471 598 2533; x_wconf 91' lang='lat' dir='ltr'>incidi</span> <span class='ocrx_word' id='word_1_128' title='bbox 629 2469 747 2551; x_wconf 91' lang='lat' dir='ltr'>puerili</span> <span class='ocrx_word' id='word_1_129' title='bbox 771 2470 1008 2554; x_wconf 87' lang='lat' dir='ltr'>additamento</span> <span class='ocrx_word' id='word_1_130' title='bbox 1032 2483 1129 2552; x_wconf 82' lang='lat' dir='ltr'>atque</span> <span class='ocrx_word' id='word_1_131' title='bbox 1151 2471 1262 2536; x_wconf 82' lang='lat' dir='ltr'>eadem</span> <span class='ocrx_word' id='word_1_132' title='bbox 1285 2473 1415 2549; x_wconf 84' lang='lat' dir='ltr'>dicenti,</span> 
     </span>
     <span class='ocr_line' id='line_1_19' title="bbox 213 2589 1414 2674; baseline 0.002 -22"><span class='ocrx_word' id='word_1_133' title='bbox 213 2591 308 2671; x_wconf 90' lang='lat' dir='ltr'>quod</span> <span class='ocrx_word' id='word_1_134' title='bbox 343 2609 431 2652; x_wconf 94' lang='lat' dir='ltr'>nunc</span> <span class='ocrx_word' id='word_1_135' title='bbox 456 2608 533 2652; x_wconf 91' lang='lat' dir='ltr'>cum</span> <span class='ocrx_word' id='word_1_136' title='bbox 558 2589 752 2672; x_wconf 89' lang='lat' dir='ltr'>praeclarae</span> <span class='ocrx_word' id='word_1_137' title='bbox 775 2591 965 2652; x_wconf 90' lang='lat' dir='ltr'>sententiae</span> <span class='ocrx_word' id='word_1_138' title='bbox 990 2590 1126 2653; x_wconf 89' lang='lat' dir='ltr'>interitu</span> <span class='ocrx_word' id='word_1_139' title='bbox 1153 2600 1230 2672; x_wconf 92' lang='lat' dir='ltr'>post</span> <span class='ocrx_word' id='word_1_140' title='bbox 1255 2603 1357 2674; x_wconf 79' lang='lat' dir='ltr'>nuper</span> <span class='ocrx_word' id='word_1_141' title='bbox 1381 2594 1414 2655; x_wconf 96' lang='lat' dir='ltr'>in</span> 
     </span>
     <span class='ocr_line' id='line_1_20' title="bbox 209 2707 479 2791; baseline 0.004 -21"><span class='ocrx_word' id='word_1_142' title='bbox 209 2717 313 2771; x_wconf 89' lang='lat' dir='ltr'>textu</span> <span class='ocrx_word' id='word_1_143' title='bbox 338 2707 479 2791; x_wconf 86' lang='lat' dir='ltr'>legitur?</span> 
     </span>
    </p>

    <p class='ocr_par' dir='ltr' id='par_1_7' title="bbox 261 2827 1306 2911">
     <span class='ocr_line' id='line_1_21' title="bbox 261 2827 1306 2911; baseline 0.002 -20"><span class='ocrx_word' id='word_1_144' title='bbox 261 2829 305 2891; x_wconf 91' lang='lat' dir='ltr'>H.</span> <span class='ocrx_word' id='word_1_145' title='bbox 331 2829 357 2903; x_wconf 88' lang='grc' dir='ltr'>Ι,</span> <span class='ocrx_word' id='word_1_146' title='bbox 383 2830 436 2911; x_wconf 87' lang='grc'>87.</span> <span class='ocrx_word' id='word_1_147' title='bbox 461 2827 609 2894; x_wconf 88' lang='lat' dir='ltr'>Obviam</span> <span class='ocrx_word' id='word_1_148' title='bbox 633 2828 775 2892; x_wconf 90' lang='lat' dir='ltr'>Vitellio</span> <span class='ocrx_word' id='word_1_149' title='bbox 798 2849 876 2892; x_wconf 89' lang='lat' dir='ltr'>cum</span> <span class='ocrx_word' id='word_1_150' title='bbox 902 2828 995 2893; x_wconf 93' lang='lat' dir='ltr'>Otho</span> <span class='ocrx_word' id='word_1_151' title='bbox 1019 2829 1306 2910; x_wconf 84' lang='lat' dir='ltr'>proficisceretur:</span> 
     </span>
    </p>

    <p class='ocr_par' dir='ltr' id='par_1_8' title="bbox 209 2948 1414 3131">
     <span class='ocr_line' id='line_1_22' title="bbox 263 2948 1414 3028; baseline 0.002 -17"><span class='ocrx_word' id='word_1_152' title='bbox 263 2968 398 3028; x_wconf 86' lang='lat' dir='ltr'>,curam</span> <span class='ocrx_word' id='word_1_153' title='bbox 420 2950 556 3011; x_wconf 89' lang='lat' dir='ltr'>navium</span> <span class='ocrx_word' id='word_1_154' title='bbox 577 2949 738 3011; x_wconf 90' lang='lat' dir='ltr'>Moschus</span> <span class='ocrx_word' id='word_1_155' title='bbox 758 2948 899 3012; x_wconf 89' lang='lat' dir='ltr'>libertus</span> <span class='ocrx_word' id='word_1_156' title='bbox 920 2949 1088 3011; x_wconf 90' lang='lat' dir='ltr'>retinebat</span> <span class='ocrx_word' id='word_1_157' title='bbox 1109 2949 1151 3011; x_wconf 89' lang='lat' dir='ltr'>ad</span> <span class='ocrx_word' id='word_1_158' title='bbox 1165 2948 1414 3013; x_wconf 89' lang='lat' dir='ltr'>observandam</span> 
     </span>
     <span class='ocr_line' id='line_1_23' title="bbox 209 3066 613 3131; baseline -0.002 0"><span class='ocrx_word' id='word_1_159' title='bbox 209 3069 451 3131; x_wconf 90' lang='lat' dir='ltr'>honestiorum</span> <span class='ocrx_word' id='word_1_160' title='bbox 477 3066 613 3131; x_wconf 87' lang='lat' dir='ltr'>fidem.‘&#39;</span> 
     </span>
    </p>

    <p class='ocr_par' dir='ltr' id='par_1_9' title="bbox 201 3185 1415 3751">
     <span class='ocr_line' id='line_1_24' title="bbox 257 3185 1415 3271; baseline -0.001 -19"><span class='ocrx_word' id='word_1_161' title='bbox 257 3185 351 3252; x_wconf 88' lang='lat' dir='ltr'>Satis</span> <span class='ocrx_word' id='word_1_162' title='bbox 376 3187 564 3269; x_wconf 86' lang='lat' dir='ltr'>perspicua,</span> <span class='ocrx_word' id='word_1_163' title='bbox 591 3197 626 3249; x_wconf 93' lang='lat' dir='ltr'>ut</span> <span class='ocrx_word' id='word_1_164' title='bbox 652 3188 783 3269; x_wconf 91' lang='lat' dir='ltr'>opinor,</span> <span class='ocrx_word' id='word_1_165' title='bbox 810 3187 910 3263; x_wconf 91' lang='lat' dir='ltr'>haec;</span> <span class='ocrx_word' id='word_1_166' title='bbox 937 3188 995 3249; x_wconf 92' lang='lat' dir='ltr'>sed</span> <span class='ocrx_word' id='word_1_167' title='bbox 1018 3207 1087 3268; x_wconf 90' lang='lat' dir='ltr'>quo</span> <span class='ocrx_word' id='word_1_168' title='bbox 1108 3189 1215 3269; x_wconf 88' lang='lat' dir='ltr'>magis</span> <span class='ocrx_word' id='word_1_169' title='bbox 1235 3199 1415 3271; x_wconf 86' lang='lat' dir='ltr'>appareret</span> 
     </span>
     <span class='ocr_line' id='line_1_25' title="bbox 204 3306 1413 3388; baseline 0.002 -19"><span class='ocrx_word' id='word_1_170' title='bbox 204 3307 290 3370; x_wconf 90' lang='lat' dir='ltr'>huic</span> <span class='ocrx_word' id='word_1_171' title='bbox 318 3307 396 3369; x_wconf 92' lang='lat' dir='ltr'>duci</span> <span class='ocrx_word' id='word_1_172' title='bbox 421 3327 489 3369; x_wconf 91' lang='lat' dir='ltr'>non</span> <span class='ocrx_word' id='word_1_173' title='bbox 513 3307 677 3369; x_wconf 90' lang='lat' dir='ltr'>accidisse</span> <span class='ocrx_word' id='word_1_174' title='bbox 701 3307 793 3388; x_wconf 93' lang='lat' dir='ltr'>quod</span> <span class='ocrx_word' id='word_1_175' title='bbox 819 3307 943 3369; x_wconf 89' lang='lat' dir='ltr'>accidit</span> <span class='ocrx_word' id='word_1_176' title='bbox 968 3306 1117 3369; x_wconf 87' lang='lat' dir='ltr'>Aemilio</span> <span class='ocrx_word' id='word_1_177' title='bbox 1143 3307 1292 3382; x_wconf 90' lang='lat' dir='ltr'>Pacensi,</span> <span class='ocrx_word' id='word_1_178' title='bbox 1319 3318 1354 3371; x_wconf 92' lang='lat' dir='ltr'>ut</span> <span class='ocrx_word' id='word_1_179' title='bbox 1380 3310 1413 3371; x_wconf 89' lang='lat' dir='ltr'>in</span> 
     </span>
     <span class='ocr_line' id='line_1_26' title="bbox 201 3425 1414 3510; baseline 0.002 -20"><span class='ocrx_word' id='word_1_180' title='bbox 201 3429 284 3490; x_wconf 85' lang='lat' dir='ltr'>eius</span> <span class='ocrx_word' id='word_1_181' title='bbox 317 3426 430 3489; x_wconf 91' lang='lat' dir='ltr'>locum</span> <span class='ocrx_word' id='word_1_182' title='bbox 462 3426 547 3489; x_wconf 89' lang='lat' dir='ltr'>alius</span> <span class='ocrx_word' id='word_1_183' title='bbox 577 3427 685 3508; x_wconf 88' lang='lat' dir='ltr'>copiis</span> <span class='ocrx_word' id='word_1_184' title='bbox 716 3425 964 3508; x_wconf 89' lang='lat' dir='ltr'>praeficeretur,</span> <span class='ocrx_word' id='word_1_185' title='bbox 991 3426 1126 3501; x_wconf 89' lang='lat' dir='ltr'>deinde,</span> <span class='ocrx_word' id='word_1_186' title='bbox 1152 3436 1283 3489; x_wconf 92' lang='lat' dir='ltr'>mutato</span> <span class='ocrx_word' id='word_1_187' title='bbox 1308 3429 1414 3510; x_wconf 92' lang='lat' dir='ltr'>impe-</span> 
     </span>
     <span class='ocr_line' id='line_1_27' title="bbox 202 3544 1413 3631; baseline 0.001 -21"><span class='ocrx_word' id='word_1_188' title='bbox 202 3556 337 3626; x_wconf 87' lang='lat' dir='ltr'>ratore,</span> <span class='ocrx_word' id='word_1_189' title='bbox 369 3546 403 3608; x_wconf 90' lang='lat' dir='ltr'>in</span> <span class='ocrx_word' id='word_1_190' title='bbox 435 3547 604 3628; x_wconf 88' lang='lat' dir='ltr'>integrum</span> <span class='ocrx_word' id='word_1_191' title='bbox 638 3547 871 3609; x_wconf 86' lang='lat' dir='ltr'>restitueretur</span> <span class='ocrx_word' id='word_1_192' title='bbox 903 3545 958 3625; x_wconf 84' lang='lat' dir='ltr'>(de</span> <span class='ocrx_word' id='word_1_193' title='bbox 990 3544 1048 3608; x_wconf 94' lang='lat' dir='ltr'>illo</span> <span class='ocrx_word' id='word_1_194' title='bbox 1076 3546 1167 3608; x_wconf 91' lang='lat' dir='ltr'>enim</span> <span class='ocrx_word' id='word_1_195' title='bbox 1196 3548 1229 3610; x_wconf 93' lang='lat' dir='ltr'>in</span> <span class='ocrx_word' id='word_1_196' title='bbox 1258 3551 1413 3631; x_wconf 90' lang='lat' dir='ltr'>proxime</span> 
     </span>
     <span class='ocr_line' id='line_1_28' title="bbox 203 3663 1411 3751; baseline 0.002 -21"><span class='ocrx_word' id='word_1_197' title='bbox 203 3664 498 3749; x_wconf 87' lang='lat' dir='ltr'>praecedentibus</span> <span class='ocrx_word' id='word_1_198' title='bbox 511 3665 595 3729; x_wconf 88' lang='lat' dir='ltr'>haec</span> <span class='ocrx_word' id='word_1_199' title='bbox 608 3665 782 3748; x_wconf 88' lang='lat' dir='ltr'>leguntur:</span> <span class='ocrx_word' id='word_1_200' title='bbox 800 3663 969 3743; x_wconf 83' lang='lat' dir='ltr'>„Aemilio</span> <span class='ocrx_word' id='word_1_201' title='bbox 982 3663 1132 3740; x_wconf 88' lang='lat' dir='ltr'>Pacensi,</span> <span class='ocrx_word' id='word_1_202' title='bbox 1146 3667 1198 3728; x_wconf 93' lang='lat' dir='ltr'>cui</span> <span class='ocrx_word' id='word_1_203' title='bbox 1212 3668 1411 3751; x_wconf 92' lang='lat' dir='ltr'>ademptum</span> 
     </span>
    </p>
   </div>
   <div class='ocr_carea' id='block_1_5' title="bbox 200 3782 1535 3864">
    <p class='ocr_par' dir='ltr' id='par_1_10' title="bbox 200 3782 1535 3864">
     <span class='ocr_line' id='line_1_29' title="bbox 200 3782 1535 3864; baseline 0.003 -16"><span class='ocrx_word' id='word_1_204' title='bbox 200 3805 228 3848; x_wconf 80' lang='lat' dir='ltr'>a</span> <span class='ocrx_word' id='word_1_205' title='bbox 249 3783 364 3848; x_wconf 86' lang='lat' dir='ltr'>Galba</span> <span class='ocrx_word' id='word_1_206' title='bbox 384 3785 596 3847; x_wconf 87' lang='lat' dir='ltr'>tribunatum</span> <span class='ocrx_word' id='word_1_207' title='bbox 616 3782 846 3864; x_wconf 85' lang='lat' dir='ltr'>reddiderat’&#39;)</span> <span class='ocrx_word' id='word_1_208' title='bbox 868 3783 1045 3844; x_wconf 88' lang='lat' dir='ltr'>annotavit</span> <span class='ocrx_word' id='word_1_209' title='bbox 1065 3783 1187 3864; x_wconf 91' lang='lat' dir='ltr'>aliquis</span> <span class='ocrx_word' id='word_1_210' title='bbox 1206 3787 1411 3863; x_wconf 81' lang='lat' dir='ltr'>immutatus,</span> <span class='ocrx_word' id='word_1_211' title='bbox 1527 3812 1535 3825; x_wconf 92' lang='lat'><strong>·</strong></span> 
     </span>
    </p>
   </div>
   <div class='ocr_carea' id='block_1_6' title="bbox 203 3902 1411 4460">
    <p class='ocr_par' dir='ltr' id='par_1_11' title="bbox 203 3902 1411 4230">
     <span class='ocr_line' id='line_1_30' title="bbox 203 3902 1411 3985; baseline 0.005 -20"><span class='ocrx_word' id='word_1_212' title='bbox 203 3904 304 3985; x_wconf 90' lang='lat' dir='ltr'>quod</span> <span class='ocrx_word' id='word_1_213' title='bbox 338 3912 515 3985; x_wconf 88' lang='lat' dir='ltr'>tamquam</span> <span class='ocrx_word' id='word_1_214' title='bbox 546 3903 573 3965; x_wconf 92' lang='lat' dir='ltr'>si</span> <span class='ocrx_word' id='word_1_215' title='bbox 606 3903 715 3965; x_wconf 93' lang='lat' dir='ltr'>bonae</span> <span class='ocrx_word' id='word_1_216' title='bbox 749 3902 829 3964; x_wconf 93' lang='lat' dir='ltr'>illud</span> <span class='ocrx_word' id='word_1_217' title='bbox 862 3911 951 3964; x_wconf 90' lang='lat' dir='ltr'>esset</span> <span class='ocrx_word' id='word_1_218' title='bbox 984 3902 1189 3978; x_wconf 86' lang='lat' dir='ltr'>Latinitatis,</span> <span class='ocrx_word' id='word_1_219' title='bbox 1223 3907 1353 3970; x_wconf 87' lang='lat' dir='ltr'>scribae</span> <span class='ocrx_word' id='word_1_220' title='bbox 1378 3910 1411 3971; x_wconf 93' lang='lat' dir='ltr'>in</span> 
     </span>
     <span class='ocr_line' id='line_1_31' title="bbox 203 4020 1411 4105; baseline 0.007 -22"><span class='ocrx_word' id='word_1_221' title='bbox 203 4029 345 4085; x_wconf 90' lang='lat' dir='ltr'>textum</span> <span class='ocrx_word' id='word_1_222' title='bbox 365 4031 566 4103; x_wconf 89' lang='lat' dir='ltr'>receperunt</span> <span class='ocrx_word' id='word_1_223' title='bbox 584 4022 674 4103; x_wconf 83' lang='lat' dir='ltr'>(post</span> <span class='ocrx_word' id='word_1_224' title='bbox 680 4021 806 4105; x_wconf 80' lang='lat' dir='ltr'>fidem).</span> <span class='ocrx_word' id='word_1_225' title='bbox 833 4021 972 4082; x_wconf 90' lang='lat' dir='ltr'>Exemit</span> <span class='ocrx_word' id='word_1_226' title='bbox 987 4020 1156 4099; x_wconf 88' lang='lat' dir='ltr'>Muretus;</span> <span class='ocrx_word' id='word_1_227' title='bbox 1172 4034 1286 4088; x_wconf 89' lang='lat' dir='ltr'>nostra</span> <span class='ocrx_word' id='word_1_228' title='bbox 1299 4037 1411 4092; x_wconf 89' lang='lat' dir='ltr'>aetate</span> 
     </span>
     <span class='ocr_line' id='line_1_32' title="bbox 207 4139 998 4230; baseline 0.001 -30"><span class='ocrx_word' id='word_1_229' title='bbox 207 4139 353 4203; x_wconf 79' lang='lat' dir='ltr'>sortasse</span> <span class='ocrx_word' id='word_1_230' title='bbox 379 4140 528 4230; x_wconf 84' lang='lat' dir='ltr'>existent</span> <span class='ocrx_word' id='word_1_231' title='bbox 552 4140 701 4203; x_wconf 89' lang='lat' dir='ltr'>editores</span> <span class='ocrx_word' id='word_1_232' title='bbox 725 4142 781 4222; x_wconf 94' lang='lat' dir='ltr'>qui</span> <span class='ocrx_word' id='word_1_233' title='bbox 807 4141 998 4203; x_wconf 91' lang='lat' dir='ltr'>restituant.</span> 
     </span>
    </p>

    <p class='ocr_par' dir='ltr' id='par_1_12' title="bbox 214 4259 1409 4460">
     <span class='ocr_line' id='line_1_33' title="bbox 258 4259 1409 4349; baseline 0.007 -27"><span class='ocrx_word' id='word_1_234' title='bbox 258 4259 301 4322; x_wconf 90' lang='lat' dir='ltr'>H.</span> <span class='ocrx_word' id='word_1_235' title='bbox 323 4260 367 4333; x_wconf 91' lang='lat'>11,</span> <span class='ocrx_word' id='word_1_236' title='bbox 392 4277 417 4321; x_wconf 91' lang='lat'>1.</span> <span class='ocrx_word' id='word_1_237' title='bbox 442 4259 531 4338; x_wconf 87' lang='lat' dir='ltr'>,Ubi</span> <span class='ocrx_word' id='word_1_238' title='bbox 550 4259 703 4324; x_wconf 86' lang='lat' dir='ltr'>Corinthi</span> <span class='ocrx_word' id='word_1_239' title='bbox 724 4273 834 4323; x_wconf 88' lang='lat' dir='ltr'>certos</span> <span class='ocrx_word' id='word_1_240' title='bbox 854 4262 990 4322; x_wconf 92' lang='lat' dir='ltr'>nuntios</span> <span class='ocrx_word' id='word_1_241' title='bbox 1009 4261 1262 4345; x_wconf 87' lang='lat' dir='ltr'>(Vespasianus)</span> <span class='ocrx_word' id='word_1_242' title='bbox 1276 4269 1409 4349; x_wconf 89' lang='lat' dir='ltr'>accepit</span> 
     </span>
     <span class='ocr_line' id='line_1_34' title="bbox 214 4377 735 4460; baseline 0.002 -21"><span class='ocrx_word' id='word_1_243' title='bbox 214 4378 256 4440; x_wconf 89' lang='lat' dir='ltr'>de</span> <span class='ocrx_word' id='word_1_244' title='bbox 279 4378 417 4441; x_wconf 90' lang='lat' dir='ltr'>interitu</span> <span class='ocrx_word' id='word_1_245' title='bbox 443 4377 572 4441; x_wconf 87' lang='lat' dir='ltr'>Galbae</span> <span class='ocrx_word' id='word_1_246' title='bbox 597 4400 627 4441; x_wconf 89' lang='lat' dir='ltr'>e.</span> <span class='ocrx_word' id='word_1_247' title='bbox 640 4400 673 4460; x_wconf 91' lang='lat' dir='ltr'>q.</span> <span class='ocrx_word' id='word_1_248' title='bbox 688 4379 735 4440; x_wconf 87' lang='lat' dir='ltr'>s.’&#39;</span> 
     </span>
    </p>
   </div>
   <div class='ocr_carea' id='block_1_7' title="bbox 0 0 1610 5274">
    <p class='ocr_par' dir='ltr' id='par_1_13' title="bbox 0 0 1610 5274">
     <span class='ocr_line' id='line_1_35' title="bbox 0 0 1610 5274; baseline 0 2"><span class='ocrx_word' id='word_1_249' title='bbox 0 0 1610 5274; x_wconf 95' lang='lat' dir='ltr'> </span> 
     </span>
    </p>
   </div>
  </div>
 </body>
</html>
