3292 5280
806 386 866 449 ¹04

281 550 364 632 Quis
389 572 456 614 non
481 552 545 613 ista
569 550 685 632 legens
710 551 819 632 primo
843 560 982 634 aspectu
1007 553 1210 635 pronomine
1233 551 1314 615 ltaec
1332 552 1425 634 signi-

236 672 326 734 ficari
371 680 468 753 putet
512 671 753 753 praecedentia
792 671 1014 755 triumphalia
1048 681 1084 735 et
1117 673 1281 736 victoriae
1314 673 1425 736 deam?

235 791 366 853 Tamen
400 811 466 853 non
499 791 580 852 illud
613 791 758 852 voluisse
790 790 947 853 Tacitum
980 811 1061 854 mox
1092 799 1247 874 apparet,
1274 811 1352 854 nam
1376 790 1425 853 illa

236 931 313 974 eum
344 912 508 992 adeptum
540 930 612 972 esse
644 910 711 972 iam
740 911 837 973 dixit.
863 909 1024 992 Cogimur
1047 930 1129 992 ergo
1153 910 1329 993 (cogimur,
1354 931 1425 973 nam

235 1032 316 1093 satis
340 1031 423 1092 mira
448 1051 499 1092 res
522 1032 584 1111 est)
610 1029 691 1091 illud
716 1030 795 1092 naec
819 1050 887 1092 non
912 1031 955 1092 de
980 1031 1020 1093 iis
1039 1031 1140 1093 rebus
1159 1031 1328 1113 accipere,
1349 1050 1426 1112 quas

236 1152 309 1233 ipsa
328 1151 549 1232 grammatica
569 1151 729 1231 suggerit,
749 1150 809 1212 sed
830 1150 877 1212 sic
899 1149 967 1213 iere
988 1150 1203 1232 interpretari
1222 1150 1352 1213 iocum:
1376 1159 1425 1230 ,ut

230 1281 437 1353 praesentem
462 1270 658 1332 occasionem
683 1278 802 1331 nactus
825 1268 909 1330 est”.

281 1388 324 1450 H.
359 1389 401 1462 ΙΙ,
431 1388 483 1452 80.
516 1387 600 1452 Cum
634 1389 883 1470 Vespasianum
916 1388 1072 1452 cubiculo
1103 1407 1278 1469 egressum
1310 1388 1427 1451 milites

235 1511 477 1591 imperatorem
501 1508 704 1571 salutarent:

284 1630 335 1709 „in
357 1630 431 1711 ipso
452 1628 534 1690 nihil
554 1629 733 1703 tumidum,
754 1647 916 1709 arrogans
935 1636 994 1691 aut
1013 1628 1047 1689 in
1067 1627 1168 1690 rebus
1189 1627 1290 1690 novis
1307 1648 1428 1690 novum

236 1746 315 1810 fuit:
341 1757 376 1809 ut
403 1748 548 1829 primum
572 1755 689 1810 tantae
713 1747 902 1811 altitudinis
918 1747 939 1828 ¹)
963 1747 1105 1810 offusam
1125 1747 1233 1810 oculis
1253 1748 1429 1830 caliginem

237 1869 378 1939 disiecit,
408 1867 596 1930 militariter
622 1868 755 1929 locutus
778 1867 867 1929 laeta
891 1868 1006 1930 omnia
1029 1876 1064 1930 et
1088 1867 1263 1930 affluentia
1287 1868 1430 1950 excepit.

238 1989 394 2070 Namque
426 1988 459 2051 id
492 1988 602 2070 ipsum
635 1989 817 2070 opperiens
849 1987 1026 2050 Mucianus
1056 1987 1204 2050 alacrem
1232 1987 1376 2050 militem
1399 1989 1430 2049 in

236 2107 341 2170 verba
366 2107 566 2188 Vespasiani
592 2107 707 2187 adegit
731 2127 760 2168 e.
774 2126 808 2188 q.
821 2105 880 2169 s.’'.

282 2228 376 2290 Haec
397 2227 511 2290 omnia
531 2235 568 2288 ut
588 2227 676 2288 bene
696 2226 928 2307 intelligantur
948 2246 1028 2308 prae
1048 2225 1170 2289 ceteris
1189 2235 1351 2289 accurate
1368 2248 1432 2289 vox

236 2368 375 2428 nonique
405 2357 456 2408 est
488 2347 744 2408 consideranda.
779 2347 915 2408 Etenim
946 2366 1033 2428 quae
1058 2355 1136 2428 post
1159 2345 1252 2409 illam
1278 2346 1433 2429 leguntur

235 2467 496 2550 explanationem
529 2467 705 2530 continent
737 2467 918 2529 verborum
951 2467 1039 2530 laeta
1069 2467 1180 2529 omnia
1209 2479 1241 2530 et
1263 2468 1431 2549 affluentia

235 2589 373 2668 excepit:
408 2607 474 2649 non
507 2606 605 2667 ergo:
630 2587 745 2649 statim
764 2598 939 2669 postquam
967 2585 1176 2664 „militariter
1199 2586 1359 2650 locutus’'
1383 2594 1431 2649 est

237 2708 465 2789 Vespasianus
501 2706 608 2786 „laeta
640 2707 755 2768 omnia
786 2714 821 2768 et
852 2706 1025 2769 affluentia
1057 2705 1228 2788 excepit’'.
1259 2705 1329 2771 Sed
1354 2707 1431 2770 illud

236 2849 374 2909 namque
405 2838 439 2889 et
469 2848 555 2908 quae
580 2835 659 2889 sunt
682 2846 816 2889 annexa
840 2827 887 2887 sic
912 2834 990 2888 sunt
1015 2825 1231 2908 accipienda:
1257 2828 1387 2890 etenim
1400 2823 1432 2907 ²),
1492 2899 1496 2906 ¹

235 2949 327 3028 quod
358 2948 481 3008 attinet
512 2948 556 3010 ad
585 2966 694 3008 rerum
719 2955 973 3026 eventuumque
997 2946 1129 3021 seriem,
1154 2947 1280 3027 quibus
1304 2947 1432 3029 Vespa-

234 3068 347 3127 sianus
380 3066 563 3147 imperator
589 3066 695 3128 iactus
719 3075 781 3139 est,
807 3065 1040 3128 huiuscemodi
1067 3064 1146 3128 tuit:
1172 3066 1353 3129 Mucianus
1377 3088 1430 3130 ex·

235 3186 413 3268 spectabat
444 3186 483 3247 id
510 3187 617 3267 ipsum
643 3187 662 3247 i.
681 3206 709 3246 e.
734 3205 867 3248 cursum
893 3205 1003 3248 rerum
1028 3185 1062 3246 in
1086 3186 1205 3248 castris
1229 3186 1428 3269 Vespasiani

235 3304 430 3379 Caesareae,
455 3325 556 3386 quem
582 3306 638 3366 ubi
660 3304 792 3367 felicem
814 3304 913 3366 luisse
934 3305 1106 3386 cognovit,
1127 3305 1253 3369 milites
1273 3307 1308 3369 in
1328 3308 1429 3370 verba

236 3425 435 3507 Vespasiani
469 3426 601 3507 adegit;
634 3434 713 3487 ante
745 3426 825 3487 Idus
857 3425 958 3488 Iulias
989 3424 1088 3507 Syria
1114 3427 1225 3489 omnis
1249 3428 1283 3489 in
1309 3430 1428 3492 eodem

233 3555 446 3609 sacramento
470 3544 543 3619 suit,
565 3566 645 3607 mox
664 3544 851 3608 Sohaemus
871 3547 1013 3608 accessit
1033 3544 1296 3628 Antiochusque
1316 3569 1346 3611 e.
1360 3568 1393 3630 q.
1405 3569 1429 3609 s.

279 3666 323 3727 H.
349 3665 409 3739 111,
440 3682 487 3728 10.
522 3664 560 3725 ln
593 3664 710 3727 castris
740 3664 883 3726 Antonii
908 3665 1146 3727 seditiosorum
1171 3666 1319 3730 militurn
1343 3667 1430 3730 furor

233 3805 268 3847 se
299 3785 409 3846 omnis
441 3785 474 3845 in
507 3784 688 3865 Tampium
721 3782 922 3845 Flavianum
954 3785 1131 3859 convertit,
1164 3804 1267 3866 quem
1296 3806 1429 3849 causam

272 4050 297 4111 1)
316 4050 389 4098 Haec
412 4048 516 4097 Trilleri
540 4048 689 4097 coniectura
707 4050 823 4098 omnium
843 4050 953 4099 maxime
971 4050 1035 4099 mihi
1054 4051 1163 4111 arridet3
1183 4051 1211 4100 in
1231 4052 1322 4102 codice
1342 4052 1430 4101 multi·

233 4136 335 4184 trutinis
363 4136 465 4199 legitur.
495 4136 560 4184 Cum
587 4136 743 4184 altitudinis
767 4143 853 4185 autem
878 4137 981 4200 egregie
1006 4138 1088 4202 caligo
1112 4138 1242 4203 iungitur:
1267 4147 1430 4204 comparatur

232 4223 409 4286 Vespasianus
433 4238 492 4271 cum
516 4222 606 4286 aliquo
632 4223 687 4288 qui,
711 4224 798 4272 subito
822 4223 849 4271 in
874 4223 933 4272 loco
959 4224 1030 4273 edito
1057 4224 1167 4289 positus,
1191 4224 1254 4274 inde
1280 4225 1428 4291 despiciens

232 4310 386 4373 vertiginem
407 4309 493 4357 sentit.

268 4396 296 4462 2)
317 4396 394 4444 Verte
414 4411 476 4460 ergo
494 4411 606 4460 nataeque
626 4396 730 4461 Belgice
750 4412 803 4445 non
826 4395 929 4460 „want”
949 4397 994 4446 sed
1015 4396 1181 4461 „namelijk’'.
