3210 5274
777 397 823 475 64

230 576 404 639 Incautum
436 575 524 638 illud
551 596 670 659 agmen
703 575 935 637 Romanorum
966 582 1017 635 est
1048 572 1174 654 quibus
1205 572 1273 635 fide
1303 572 1378 634 data

185 694 300 757 Civilis
332 694 518 756 incolumes
548 694 641 757 abire
673 714 691 756 e
720 694 848 767 castris,
877 712 964 774 quae
992 692 1059 754 iam
1084 690 1174 754 ultra
1198 689 1378 752 defendere

186 822 369 895 nequeunt,
406 813 583 894 permittit.
621 813 686 874 Hic
718 820 828 873 totum
860 811 960 873 illud:
991 822 1145 893 querente
1173 830 1256 872 sane
1286 856 1379 870 .....

185 932 392 1017 adfirmatur
422 932 567 994 Haasius
589 939 677 1013 post
707 931 820 994 hausit
851 930 958 1028 ponit.
986 929 1170 1011 Nunquam
1195 929 1380 1011 quidquam

186 1053 255 1114 vidi
292 1053 499 1133 perversius;
531 1051 730 1132 simulatque
760 1049 949 1113 Germanos
979 1057 1099 1112 contra
1131 1048 1238 1110 fidem
1269 1048 1381 1109 datam

186 1169 349 1233 facientes
384 1171 551 1251 conspicit
583 1169 699 1233 Civilis
730 1170 825 1251 queri
857 1169 987 1251 incipit,
1019 1170 1091 1230 sive
1121 1167 1301 1230 simulatus
1332 1166 1383 1228 ille

187 1288 284 1352 dolor
315 1297 376 1363 est,
410 1289 480 1351 sive
512 1309 630 1351 revera
661 1289 769 1351 invito
801 1288 875 1369 ipso
906 1288 1062 1350 saeviunt
1095 1286 1269 1350 Germani.
1298 1285 1382 1349 Illud

187 1429 267 1471 vero
291 1408 373 1490 quid
399 1408 462 1470 sibi
487 1407 658 1482 voluisset,
682 1408 709 1469 si
729 1415 803 1469 tum
823 1408 961 1470 demum
982 1405 1027 1468 ob
1048 1404 1228 1488 perfidiam
1249 1424 1383 1468 suorum

186 1529 391 1590 lamentatus
415 1535 503 1589 esset
528 1526 654 1601 Civilis,
678 1546 755 1589 cum
775 1534 812 1588 et
831 1535 941 1589 castra
960 1533 996 1588 et
1016 1525 1140 1600 cuncti,
1161 1525 1220 1606 qui
1242 1525 1384 1597 inerant,

188 1646 334 1708 Romani
355 1643 581 1707 interiissent?
602 1644 689 1707 Tum
710 1645 848 1707 demum
867 1645 895 1707 si
908 1644 1061 1707 dolorem
1071 1644 1230 1729 fingeret,
1244 1642 1383 1725 quinam

188 1786 229 1828 eo
261 1773 357 1828 erant
389 1764 581 1847 decipiendi
591 1790 599 1839 ;
631 1764 658 1826 si
685 1785 785 1827 verus
808 1763 869 1826 luit
895 1762 1002 1838 dolor,
1026 1764 1109 1845 quid
1134 1760 1283 1825 iaciebat
1307 1781 1383 1824 cum

188 1883 317 1966 perfide
354 1904 454 1965 agere
489 1882 699 1963 incipiebant
731 1879 913 1946 Germanii
944 1880 1127 1944 Tacitusne
1159 1881 1320 1945 adstabat
1351 1890 1385 1944 et

188 2003 396 2066 horrendum
419 2001 548 2064 lacinus
572 2000 869 2083 contemplabatur
893 1999 1049 2082 quietus?

235 2122 278 2184 H.
312 2122 355 2196 V,
393 2138 440 2203 17.
474 2119 580 2201 (Ante
616 2120 781 2201 proelium
816 2119 932 2183 Civilis
963 2120 1154 2183 orationem
1186 2121 1230 2183 ad
1264 2120 1386 2184 milites

190 2240 294 2303 habet
319 2248 353 2302 et
377 2240 442 2301 alia
465 2240 656 2302 admonens
680 2249 715 2302 et
738 2240 852 2319 haecl:

235 2359 286 2422 Ne
318 2368 524 2421 terrerentur
556 2359 650 2421 vario
681 2359 845 2421 Trevirici
878 2359 997 2440 proelii
1030 2367 1173 2421 eventu:
1199 2379 1296 2422 suam
1321 2358 1386 2421 illic

188 2479 362 2540 victoriam
385 2477 562 2541 Germanis
582 2477 764 2552 obstitisse,
785 2478 867 2540 dum
887 2478 1019 2540 omissis
1035 2477 1112 2540 telis
1125 2478 1255 2560 praeda
1268 2498 1387 2540 manus

187 2597 379 2679 impediunt
401 2644 520 2658 ......
542 2595 641 2658 Illum
661 2597 752 2659 diem
769 2604 828 2659 aut
840 2596 1120 2694 gloriossisimum
1137 2597 1226 2660 inter
1241 2599 1387 2660 maiores

188 2724 247 2779 aut
271 2715 534 2797 ignominiosum
558 2716 649 2797 apud
675 2723 830 2796 posteros
855 2715 936 2778 fore.

240 2835 304 2898 Pro
343 2835 519 2897 victoriam
558 2833 734 2896 Acidalius
772 2835 966 2909 auaritiam,
1002 2833 1183 2897 Herbstius
1218 2835 1387 2898 incuriam

192 2963 452 3035 proposuerunt.
481 2953 651 3034 Equidem
676 2951 851 3015 flosculum
876 2974 956 3016 vere
980 2953 1157 3017 Taciteum
1180 2957 1391 3018 servandum

191 3092 323 3134 censeo.
346 3070 447 3153 Quod
468 3072 511 3133 ad
528 3071 806 3153 gloriosissimum
828 3073 915 3135 inter
931 3073 1073 3136 maiores
1088 3073 1223 3149 attinet,
1237 3094 1390 3156 agnosco

191 3190 245 3252 hic
272 3190 464 3252 liberiorem
488 3189 581 3251 illurn
605 3190 801 3271 superlativi
826 3211 934 3267 usum,
959 3212 977 3254 e
1003 3190 1141 3254 Graecis
1164 3193 1391 3274 scriptoribus

190 3317 261 3370 tam
286 3308 372 3371 bene
397 3318 515 3372 notum
541 3306 565 3390 (l
589 3305 712 3386 ἄριστος
737 3312 796 3371 τῶν
821 3307 963 3388 πρότερον
984 3310 1038 3374 vel
1057 3314 1117 3374 τῶν
1137 3309 1293 3394 reduced:
1317 3313 1392 3375 dies

191 3428 368 3508 gloriosior
392 3448 493 3509 quam
517 3427 603 3490 ullus
628 3428 792 3490 maiorum
813 3439 1005 3492 nostrorum
1026 3439 1182 3512 tempore
1202 3430 1275 3492 fuit.
1296 3430 1392 3513 Quo·

192 3549 301 3610 minus
327 3549 415 3610 inter
439 3549 581 3610 maiores
604 3547 778 3610 deleamus
801 3549 915 3612 obstat
940 3551 1105 3631 positivus
1128 3551 1391 3633 egrewminiesum

191 3688 258 3729 non
290 3667 381 3730 enim
413 3676 505 3729 recte
537 3668 619 3730 haec
651 3667 739 3730 inter
769 3689 805 3731 se
837 3670 953 3732 iuncta
977 3672 1152 3734 videntur:
1177 3682 1239 3734 aut
1258 3672 1389 3754 glorio-

189 3787 356 3848 sissimum
375 3798 435 3848 aut
449 3787 700 3868 ignominiosum
719 3788 812 3868 apud
825 3788 978 3851 maiores.
997 3788 1290 3872 Nipperdeianum
1304 3810 1390 3853 vero

191 3906 225 3967 in
248 3904 392 3965 maiores
416 3923 477 3984 pro
502 3905 589 3966 inter
608 3905 750 3966 maiores
769 3905 850 3984 quid
872 3906 935 3968 sibi
957 3906 1039 3969 velit
1060 3926 1196 3989 prorsus
1215 3927 1271 3969 me
1290 3907 1391 3972 latet.

235 4021 328 4084 Ano.
353 4022 415 4096 IV,
442 4037 457 4101 5
485 4023 530 4103 (in
563 4024 818 4085 enumeratione
850 4025 1024 4107 copiarum
1055 4026 1178 4108 quibus
1205 4027 1390 4109 imperium

193 4142 386 4204 Romanum
410 4142 543 4223 utitur):

237 4260 341 4341 Apud
363 4261 486 4322 idonea
507 4261 756 4341 provinciarum
775 4261 888 4323 sociae
909 4263 1063 4325 triremes
1081 4263 1223 4345 alaeque
1240 4275 1277 4328 et
1294 4267 1392 4329 auxi·

192 4377 236 4438 lia
260 4377 461 4451 cohortium,
486 4398 596 4459 neque
622 4378 728 4440 multo
752 4398 847 4440 secus
872 4380 905 4442 in
930 4382 970 4443 iis
994 4383 1125 4457 virium,
1145 4384 1206 4445 sed
1229 4385 1390 4466 persequi
