3210 5274
866 404 928 485 298

304 583 394 645 ronis
426 582 525 644 bonis
548 581 775 645 afferebantur
800 583 1008 665 respuendis
1033 582 1092 645 sed
1118 604 1199 645 mox
1222 584 1349 646 Vinius
1373 586 1406 647 ei
1432 606 1508 667 per-

303 703 408 765 suasit
440 710 476 763 ut
507 701 580 764 illas
603 702 773 785 acciperet
798 711 832 765 et
855 704 1047 784 sumptibus
1072 703 1240 785 regalibus
1265 725 1308 767 ne
1335 714 1508 787 parceret.

303 821 381 904 Quo
417 820 638 903 argumento?
675 822 808 904 Nempe
832 821 874 884 τό
906 829 1039 898 γεννοοῖοο
1072 827 1178 885 τοῦτον
1213 822 1266 885 nal
1300 820 1421 902 ἄτυφον
1453 823 1506 887 real

302 939 450 1004 πολιτικοὶ
483 940 693 1016 δνρνοογωγόοιν
726 941 920 1021 οὶτοφοιόνων.
966 943 1112 1024 Egregia
1144 943 1238 1018 haec,
1270 945 1332 1006 sed
1365 946 1506 1009 additur

303 1061 356 1125 κοιῖ
384 1059 574 1137 κομψότητι
598 1060 752 1138 μεγοόλων
775 1060 974 1138 οὶτοξιοῦοοιν
999 1062 1124 1137 ἑωυτήν,
1148 1062 1206 1125 ubi
1232 1063 1313 1145 quid
1341 1064 1406 1126 sibi
1430 1087 1506 1140 κορι·

303 1179 438 1260 ψότητος
474 1183 755 1244 commemoratio
787 1182 868 1244 velit
900 1203 967 1245 non
1001 1183 1113 1245 video.
1150 1182 1348 1263 Requiritur
1372 1184 1501 1266 aliquid

303 1301 395 1382 quod
421 1301 558 1363 nimiam
582 1301 813 1364 verecundiam
837 1302 1014 1383 significet.

348 1421 456 1485 Galba
481 1420 547 1482 XV
572 1419 625 1481 κνῖ
650 1418 720 1483 τότε
746 1418 896 1498 τοιρόντες
926 1422 983 1503 (sc.
1008 1420 1166 1483 classiarii
1191 1420 1238 1483 illi
1259 1421 1385 1503 quibus
1407 1423 1499 1485 Nero

303 1542 447 1605 militum
469 1542 611 1604 dederat
624 1542 748 1623 locum)
762 1538 1040 1615 ἐκβεβοιιόοιοοόοιι
1053 1540 1108 1611 τῖον
1124 1538 1304 1617 οτροιτεόοιν.
1327 1541 1500 1623 Equidem

302 1662 415 1725 ethic
440 1659 593 1737 οτροιτιοόν
620 1681 696 1722 cum
722 1660 898 1723 codicibus
922 1660 1104 1742 legendum
1129 1680 1253 1723 censeo
1277 1669 1312 1722 et
1333 1681 1502 1744 reponen-

302 1783 383 1844 dum
409 1785 543 1861 οτρντιρῖ
566 1781 655 1862 apud
683 1782 829 1843 Dionem
854 1781 940 1861 64,3
967 1780 1021 1860 (ad
1047 1799 1148 1861 quem
1173 1779 1284 1843 locum
1310 1791 1502 1863 provocant

303 1902 360 1982 qui
382 1910 498 1963 nostro
519 1898 689 1977 οτροοτεόοιν
711 1901 863 1981 malunt).
889 1898 956 1964 Sed
979 1908 1154 1980 praeterea
1175 1899 1240 1963 hoc
1260 1920 1398 1982 quoque
1421 1901 1502 1963 mihi

307 2019 486 2083 molestum
512 2029 563 2082 est
587 2022 678 2102 quod
703 2041 723 2082 a
747 2018 897 2097 πορόντες
923 2020 1051 2101 pendet
1075 2018 1270 2082 infinitivus.
1367 2025 1371 2029 “

348 2138 457 2202 Galba
490 2140 592 2202 XVII
635 2138 647 2200 ό
685 2137 714 2201 δὲ
745 2137 925 2217 πρεσβύτης
958 2136 1090 2210 ἠδικεῖτο
1126 2136 1168 2199 τόν
1205 2137 1263 2211 μὲν
1299 2142 1409 2215 πρῶτον
1448 2142 1502 2201 τοῦ

304 2258 426 2321 Οὐινίου
451 2264 553 2328 κακῶς
579 2258 770 2334 διοικοῦντος,
795 2255 815 2322 ἃ
842 2258 867 2320 δ’
892 2257 985 2328 αὐτὸς
1010 2257 1098 2335 όρόῶς
1126 2264 1282 2337 τρορρεῖτο
1308 2256 1502 2332 δικβοόλλον-

302 2402 352 2449 τος
382 2378 399 2453 ἢ
432 2377 612 2448 κωλύοντος.
639 2380 732 2442 Vinii
756 2379 856 2461 culpa
880 2400 959 2454 non,
984 2387 1021 2441 ut
1045 2379 1176 2460 opinor,
1201 2378 1348 2441 iniuriae
1370 2378 1501 2461 aliquid

303 2499 432 2562 Galbae
463 2498 637 2570 afferebat,
670 2500 729 2560 sed
762 2498 870 2561 malae
892 2501 1016 2581 famae
1042 2505 1094 2559 sat
1119 2497 1273 2559 multum.
1298 2496 1394 2578 Lege
1419 2518 1502 2580 ergo

301 2639 363 2699 pro
388 2617 519 2690 ἠδικεῖτο
545 2617 598 2679 vel
623 2613 721 2690 ἠδόξει
744 2616 796 2677 vel
818 2617 908 2679 aliud
932 2617 1073 2679 verbum
1094 2616 1186 2698 quod
1207 2635 1283 2678 eam
1304 2616 1372 2678 vim
1395 2617 1503 2680 habet

301 2736 342 2799 cs.
376 2737 412 2800 C.
439 2737 559 2799 XVIII
592 2734 742 2810 διωβολδν
767 2730 848 2812 εἶχε.
881 2736 1015 2799 Deinde
1041 2736 1158 2817 utique
1181 2735 1272 2797 istud
1296 2735 1406 2814 πρῶτον
1430 2737 1502 2798 exi·

303 2856 475 2930 mendum,
508 2863 545 2916 ut
577 2856 665 2917 inter
695 2876 731 2917 se
763 2853 806 2916 rol
837 2853 895 2928 μέν
927 2864 962 2916 et
984 2850 1006 2917 οἳ
1032 2852 1062 2916 δὲ
1088 2862 1327 2937 opponuntur:
1356 2854 1442 2933 ,hoc
1468 2855 1501 2917 in

302 2975 464 3037 invidiam
489 2975 673 3038 inducebat
698 2995 813 3037 senem
836 2976 928 3056 quod
951 2974 1074 3037 Vinius
1093 2974 1159 3037 alia
1179 2973 1265 3037 male
1286 2974 1503 3036 administra·

302 3095 372 3169 bat,
404 3095 479 3170 alia,
511 3115 600 3176 quae
632 3096 703 3177 ipse
736 3094 823 3156 bene
855 3093 1058 3168 instituerat,
1092 3093 1145 3156 vel
1178 3094 1420 3176 corrumpebat
1446 3094 1502 3156 vel

303 3213 547 3296 impediebat.”

263 3304 267 3313 ι
348 3335 457 3398 Galba
490 3335 573 3397 XIX
615 3335 796 3397 Narratum
828 3342 879 3396 est
910 3334 953 3395 de
986 3333 1185 3396 Hordeonei
1218 3333 1343 3408 Flacci,
1376 3334 1433 3415 qui
1468 3334 1502 3395 in

301 3457 474 3538 superiore
494 3455 608 3517 stabat
630 3453 822 3528 Germania,
837 3452 998 3516 militibus
1011 3452 1307 3515 tumultuantibus
1328 3451 1503 3517 Continuo

302 3595 391 3637 nunc
422 3574 591 3655 sequitur:
622 3577 749 3634 τοιοῦτοι
781 3571 812 3634 δὲ
845 3567 937 3649 ἕτερον
967 3570 1021 3633 κοοῖ
1045 3576 1104 3633 τῶν
1130 3567 1188 3634 ὑπό
1212 3569 1392 3650 Τιγελλίνῳ
1416 3593 1501 3647 τοιγ-

301 3692 410 3768 μοότων
443 3690 636 3773 ὑβριζόντων,
670 3694 726 3755 ubi
759 3694 894 3775 egregia
922 3701 974 3754 est
999 3692 1203 3756 Mommseni
1228 3690 1425 3754 emendatio
1449 3699 1501 3752 Br-

300 3811 415 3892 τελλόῳ
448 3814 521 3895 (pro
553 3812 756 3894 Τιγελλίνῳ),
788 3834 891 3895 quam
923 3813 1036 3874 nescio
1068 3832 1137 3894 quo
1164 3810 1241 3874 loco
1266 3811 1348 3873 mihi
1372 3811 1500 3874 lectam

301 3933 355 3996 hic
381 3953 472 4016 pono
497 3952 539 3994 ne
562 3932 665 3994 abeat
690 3932 723 3993 in
750 3931 968 3994 oblivionem.

347 4051 457 4114 Galba
480 4051 564 4114 XXI
601 4050 654 4113 κοοὶ
681 4049 715 4113 τό
741 4049 962 4129 οτροοτιωτικδν
989 4046 1079 4121 ἡδέως
1108 4043 1178 4127 εἶχε
1205 4046 1257 4110 τόν
1277 4046 1423 4111 ”Οόωνοι.
1441 4096 1448 4110 .
1465 4094 1498 4111 ..

299 4169 553 4250 οῖνοιγορενόῆνοοι.
581 4171 668 4233 Mira
691 4171 911 4244 constructio,
936 4176 981 4242 et,
1007 4177 1044 4230 ut
1069 4170 1201 4251 opinor,
1225 4175 1397 4250 corrupta.

345 4288 456 4353 Galba
475 4288 578 4353 XXII
604 4290 802 4353 Hordeonei
823 4290 947 4352 milites
965 4288 1094 4352 Galbae
1108 4289 1273 4371 imagines
1285 4288 1500 4371 diripuerunt

299 4414 336 4471 et
365 4408 497 4471 senatui
524 4408 722 4492 populoque
746 4408 864 4471 dicunt
887 4416 1148 4484 sacramentum,
1172 4402 1244 4471 εἶτον
1266 4413 1332 4479 τοῖς
1353 4406 1501 4482 ἡγεμονι·
