3210 5274
766 1341 826 1403 VI.

245 1563 403 1645 Pergenti
428 1564 509 1626 mihi
533 1565 789 1627 observationes
813 1565 972 1628 Taciteas
995 1566 1030 1628 in
1054 1565 1165 1628 lucem
1186 1569 1290 1630 edere
1309 1567 1392 1649 opti·

201 1701 293 1744 mum
325 1682 415 1745 iactu
448 1684 582 1745 videtur
613 1682 783 1765 paulisper
815 1684 856 1745 ad
889 1705 929 1746 ea
958 1704 1045 1766 quae
1070 1684 1204 1767 prolata
1228 1686 1296 1749 iarn
1320 1694 1394 1749 sunt

200 1800 319 1877 redire,
351 1801 470 1883 hisque
502 1803 627 1864 addere
659 1804 838 1884 quaedam,
871 1823 960 1885 quae
988 1813 1069 1866 tunc
1094 1805 1208 1880 omisi;
1234 1806 1283 1869 sic
1308 1808 1394 1870 enim

200 1940 278 2001 spes
302 1928 353 1983 est
377 1921 448 1984 iore
472 1931 509 1984 ut
529 1931 652 2003 sponte
672 1943 708 1984 se
729 1922 810 1985 mihi
830 1922 950 1986 offerat
970 1924 1168 2005 disputandi
1190 1945 1308 1989 cursus
1327 1926 1395 2009 qui·

201 2040 280 2102 darn
304 2060 414 2121 neque
438 2042 584 2123 ineptus,
609 2062 719 2123 neque
743 2043 895 2123 ingratus
918 2043 958 2104 iis
981 2042 1040 2124 qui
1065 2063 1120 2106 me
1141 2052 1221 2107 sunt
1240 2047 1395 2119 secuturi,

200 2159 328 2241 quippe
351 2160 409 2241 qui
433 2160 566 2242 placide
589 2161 763 2224 ambulare
784 2161 903 2224 malint
922 2182 1026 2243 quam
1045 2182 1189 2245 magnos
1208 2165 1395 2229 identidem

202 2277 312 2340 lacere
336 2278 451 2342 saltus.
476 2280 575 2342 Dabo
596 2300 677 2361 ergo
698 2300 837 2363 operam
859 2290 905 2356 ut,
927 2288 1093 2362 quantum
1114 2282 1149 2344 in
1169 2290 1269 2346 tanta
1288 2304 1395 2347 rerum

202 2398 398 2460 diversitate
423 2398 493 2460 fieri
518 2400 635 2480 possit,
659 2400 774 2462 omnia
797 2401 917 2462 ordine
938 2401 1137 2482 procedant.

246 2516 446 2598 Agebamus
469 2528 582 2581 autem
608 2539 684 2601 pag.
715 2536 770 2582 101
799 2539 849 2601 sq.
871 2520 915 2581 de
935 2520 1072 2601 navigio
1092 2519 1150 2583 illo
1171 2523 1265 2602 quod
1286 2522 1398 2586 matris

202 2636 411 2699 occidendae
443 2657 544 2699 causa
566 2639 765 2700 struendum
780 2635 923 2701 'curasse
949 2638 1041 2700 Nero
1066 2647 1221 2701 narratur
1246 2639 1292 2702 A.
1318 2639 1398 2703 XIV

203 2776 231 2818 c.
259 2773 276 2836 3
301 2775 376 2837 sqq.
410 2756 471 2818 Est
495 2756 649 2838 profecto
682 2757 892 2838 ineptissima
923 2764 997 2818 tota
1025 2757 1089 2819 ista
1114 2757 1273 2832 narratio,
1300 2777 1399 2840 quam

203 2876 398 2938 etiamnunc
429 2896 449 2938 a
481 2876 560 2938 viris
591 2876 702 2939 doctis
734 2895 844 2957 aequo
874 2876 990 2938 animo
1021 2875 1098 2938 ferri
1131 2876 1202 2938 iure
1231 2877 1399 2941 miremur.

203 2996 407 3058 Graecarum
432 2995 604 3057 literarum
628 2994 775 3057 cultores
795 2996 822 3056 si
843 2995 877 3056 in
899 2994 992 3056 libris
1011 3014 1097 3077 quos
1117 2996 1296 3059 excutiunt
1318 2998 1399 3060 eius·

204 3115 295 3178 modi
315 3115 441 3197 aliquid
463 3114 682 3189 invenissent,
705 3115 843 3189 dudum,
866 3122 904 3176 ut
924 3115 1054 3196 opinor,
1076 3115 1120 3176 ab
1140 3116 1300 3178 omnibus
1313 3123 1400 3179 esset

203 3234 392 3315 explosum.
424 3232 508 3315 Quis
538 3234 640 3308 enim,
664 3241 701 3295 ut
725 3253 769 3295 ex
792 3233 977 3295 innumeris
1001 3233 1167 3314 exemplis
1190 3254 1297 3296 unum
1322 3235 1399 3298 affe·

204 3372 284 3428 ram,
306 3373 382 3416 curn
404 3354 509 3415 vitam
530 3352 702 3435 Euripidis
722 3350 790 3434 (Di.
813 3351 847 3414 P.
862 3349 895 3413 S.
910 3351 951 3414 G.
974 3372 1006 3433 p.
1033 3365 1067 3430 15
1090 3351 1178 3433 sqq.)
1200 3371 1400 3435 percurrens

204 3473 237 3533 in
262 3471 386 3533 haecce
411 3470 544 3533 incidit:

248 3587 375 3667 λέγουσι
408 3586 439 3652 δὲ
472 3585 518 3651 ὅτι
550 3587 584 3651 ui
615 3593 763 3665 γυναῖκες
798 3585 848 3651 διὰ
879 3586 951 3658 τοὺς
985 3584 1118 3667 ψόγους,
1151 3585 1200 3659 οὓς
1230 3588 1326 3654 ἐποίει
1357 3590 1399 3663 εἰς

204 3710 306 3781 odrice
341 3709 391 3774 tiu
427 3714 485 3773 τῶν
518 3707 712 3785 ποννμοίτων,
746 3715 811 3780 τοῖς
844 3708 1068 3788 Θεσμοφορίοις
1104 3707 1283 3783 ἐπίστησον
1316 3710 1400 3788 αὐτῷ

205 3827 396 3906 βουλόμενον
421 3831 554 3906 ἀνελεῖν,
581 3827 747 3909 ἐφείσαντο
773 3827 804 3893 δὲ
825 3829 921 3892 αὐτοῦ
942 3828 1136 3908 πρῶτονμὲν
1159 3827 1209 3893 διὰ
1231 3827 1292 3901 τὰς
1314 3829 1401 3895 Μοί-

204 3971 275 4018 rur,
303 3945 415 4013 ἔπειτα
438 3950 468 4014 δὲ
494 3947 758 4026 praetercantur
782 3947 895 4023 μηκέτι
922 3946 1023 4019 αὐτὸς
1048 3954 1152 4018 κακῶς
1178 3949 1254 4027 ἐρεῖν

205 4089 272 4130 non
309 4069 362 4131 vel
398 4070 511 4132 ridens
546 4068 599 4131 vel
633 4069 907 4151 indignabundus
939 4068 1106 4131 misellum
1138 4071 1399 4151 grammaticum

206 4188 370 4252 facessere
406 4189 511 4263 iubet,
547 4188 604 4269 qui
641 4188 732 4268 quod
765 4186 874 4249 facete
906 4187 1035 4249 iocatus
1067 4196 1118 4250 est
1149 4187 1400 4270 Aristophanes

206 4315 380 4389 tamquam
405 4326 475 4369 rem
499 4325 586 4387 quae
611 4325 727 4368 revera
751 4303 904 4369 evenerit
932 4301 1063 4366 tradat?
