3292 5280
795 376 839 440 42

221 538 350 603 Levem
385 557 458 600 esse
492 537 719 619 suspicionem
753 538 780 600 si
812 538 887 619 quis
920 536 1108 610 contendit,
1141 556 1211 599 non
1244 557 1422 620 repugno:

221 656 286 719 hoe
309 666 424 719 tamen
450 656 531 719 mihi
554 664 689 720 constat
712 679 733 720 a
756 678 850 721 scena
871 658 905 720 in
924 657 1101 721 historiam
1121 655 1223 718 letale
1244 657 1423 721 aberrasse

223 775 394 855 navigium
411 773 443 856 ¹).
1169 846 1175 853 ‚

268 892 416 956 Omnino
448 902 540 955 amat
571 893 710 955 Tacitus
733 893 898 975 quidquid
924 894 1075 956 animum
1099 892 1326 956 vehementer
1350 914 1423 976 per·

223 1013 317 1085 cutit,
343 1010 508 1092 quidquid
533 1011 738 1074 horrendum
759 1020 820 1086 est,
842 1020 951 1085 atrox,
972 1011 1094 1085 dirum,
1115 1019 1150 1073 et
1169 1010 1197 1072 si
1219 1011 1250 1073 ei
1272 1011 1422 1093 aliquam

225 1150 295 1192 rem
321 1130 453 1192 duobus
477 1130 586 1191 modis
610 1130 764 1211 accipere
788 1138 823 1191 et
847 1129 1018 1211 explicare
1041 1129 1130 1204 licet,
1155 1136 1193 1191 ut
1216 1137 1276 1192 aut
1298 1130 1421 1194 fiatad

224 1247 482 1329 intelligendum
514 1247 629 1324 facilis,
659 1248 855 1322 verisimilis,
880 1248 1056 1311 hominum
1080 1249 1294 1329 respondens
1318 1250 1419 1324 vitae,

223 1374 281 1428 aut
313 1368 406 1443 mira,
439 1367 582 1442 insolita,
615 1368 831 1443 incredibilis,
863 1367 1084 1430 metuendum
1115 1387 1183 1430 non
1210 1375 1262 1430 est
1289 1389 1331 1431 ne
1356 1368 1419 1432 hac

225 1487 381 1548 narrandi
406 1488 536 1550 ratione
560 1487 683 1550 omissa
708 1487 798 1550 illam
823 1486 956 1570 probet.
981 1487 1060 1568 Ipsa
1083 1485 1139 1549 illa
1164 1486 1207 1549 de
1231 1484 1305 1549 Silii
1331 1487 1419 1550 Mes·

224 1603 418 1686 salinaeque
443 1606 569 1688 nuptiis
592 1607 749 1680 narrati0,
775 1626 863 1688 quae
886 1614 961 1668 tota
984 1624 1087 1687 quam
1108 1624 1227 1687 parum
1248 1605 1421 1668 credibilis

227 1732 316 1786 esset
345 1726 480 1806 egregie
511 1726 758 1788 demonstravit
786 1725 950 1798 Naberus,
974 1724 1106 1806 insigne
1131 1731 1310 1806 praeterea
1334 1724 1421 1787 illius

228 1844 329 1905 studii
373 1845 525 1907 continet
566 1845 770 1926 exemplum.
807 1844 944 1906 Vettius
979 1842 1117 1917 Valens,
1153 1842 1345 1905 Pentheum
1381 1865 1424 1906 ex

228 1962 399 2044 Euripidis
421 1964 561 2026 Bacchis
580 1964 730 2026 imitatus
750 1964 855 2046 (quod
876 1962 1068 2025 felicissimo
1089 1961 1245 2024 acumine
1265 1961 1423 2025 Naberus

226 2082 411 2163 perspexit)
440 2083 472 2144 in
506 2082 710 2163 „praealtam
736 2081 893 2144 arborem
917 2077 1100 2144 conititur”
1123 2087 1158 2142 et
1183 2079 1422 2162 interroganti·

228 2198 299 2273 bus,
321 2200 401 2280 quid
423 2202 590 2282 aspiceret
603 2201 779 2281 respondit
796 2207 1056 2281 „tempestatem
1069 2198 1113 2261 ab
1126 2196 1223 2262 Ostia
1235 2199 1422 2275 atrocem”,

275 2317 386 2396 „sive”
411 2319 525 2401 (ipsius
549 2319 633 2381 haec
657 2319 766 2381 Taciti
792 2318 895 2380 verba
919 2317 1009 2399 sunt)
1038 2324 1131 2397 ,orta
1153 2324 1225 2379 erat
1240 2313 1265 2397 ²)
1285 2337 1326 2380 ea
1346 2338 1422 2400 spe·

227 2437 305 2510 cieS,
329 2458 388 2499 seu
412 2438 498 2500 sorte
522 2438 616 2520 lapsa
639 2459 707 2501 vox
731 2439 764 2500 in
790 2438 1002 2519 praesagium
1026 2434 1161 2499 vertit”.

274 2555 323 2618 At
354 2556 387 2617 in
416 2564 575 2638 promptu
601 2564 651 2617 est
676 2557 784 2619 Vettii
810 2556 914 2618 verba
937 2555 1036 2617 aliter
1059 2554 1291 2637 interpretari;
1317 2557 1423 2637 parti·

228 2676 290 2736 bus
322 2674 375 2736 ille
407 2674 496 2736 haud
529 2674 631 2737 dubie
663 2674 865 2756 fungebatur
897 2674 1037 2737 Penthei
1068 2681 1103 2736 et
1134 2674 1325 2736 communis
1349 2683 1423 2737 erat

228 2793 375 2855 laetitiae
396 2794 516 2867 socius,
536 2794 596 2856 sed
617 2813 718 2856 sanae
739 2795 862 2856 mentis
882 2793 957 2876 plus
976 2801 1171 2856 servaverat
1191 2812 1293 2874 quam
1316 2795 1422 2856 ceteri

228 2932 356 2987 omnes,
381 2911 659 2994 intelligebatque
683 2933 783 2994 aegre
807 2912 952 2975 laturum
977 2912 1156 2975 Claudium
1179 2911 1267 2974 hanc
1292 2912 1424 2975 Messa-

227 3030 314 3092 linae
344 3030 630 3112 ,intemperiem”,
655 3053 722 3113 qua
744 3040 862 3095 contra
882 3031 992 3112 legem
1012 3031 1056 3093 ab
1076 3031 1150 3113 ipso
1169 3032 1422 3114 promulgatam

227 3148 363 3222 fecerat,
397 3151 683 3231 metuendumque
715 3170 787 3213 esse
821 3171 862 3213 ne
893 3170 1021 3226 omnes,
1054 3152 1111 3233 qui
1143 3171 1219 3213 cum
1249 3151 1306 3214 illa
1331 3173 1423 3215 nunc

229 3267 368 3329 mimum
388 3276 539 3348 agerent,
561 3289 641 3331 mox
661 3289 789 3351 poenas
809 3270 940 3331 darent.
962 3268 1086 3331 Verbis
1106 3289 1188 3350 ergo
1207 3270 1312 3332 utitur
1332 3291 1423 3352 quae

229 3385 370 3449 Penthei
403 3407 539 3469 quoque
570 3409 642 3451 esse
674 3390 814 3470 possint,
838 3389 898 3451 sed
924 3388 1045 3471 quibus
1068 3388 1166 3450 simul
1191 3387 1342 3452 laetitiae
1366 3409 1423 3451 co·

268 3667 293 3732 1)
312 3668 405 3717 Dionis
423 3667 508 3716 locum
526 3666 587 3715 licet
607 3681 660 3714 nou
679 3665 777 3728 afferat,
795 3670 882 3712 tamen
898 3664 967 3712 idem
984 3664 1088 3713 Nabero
1103 3664 1166 3713 olim
1181 3664 1252 3728 quod
1269 3664 1334 3712 mihi
1347 3679 1421 3716 ,nunc

228 3753 373 3803 suboluisse
392 3753 502 3802 videtur.
522 3753 547 3800 Is
567 3752 637 3800 enim
656 3751 683 3799 iu
703 3750 933 3814 commentatione,
951 3766 1039 3815 quam,
1058 3751 1119 3814 quia
1138 3750 1244 3815 Belgice
1259 3751 1358 3814 scripta
1374 3757 1424 3814 est,

228 3840 313 3888 miuus
338 3856 415 3904 quam
435 3849 552 3903 parerat
571 3838 716 3887 innotuisse
735 3837 797 3885 viris
816 3837 900 3885 doctis
919 3837 1040 3901 arbitror,
1058 3837 1150 3886 eodem
1169 3837 1215 3886 illo
1236 3837 1424 3899 „melodiam-

228 3924 278 3974 tis'’
297 3926 377 3974 utitur
395 3926 508 3973 nomine.
529 3925 636 3987 Legitur
654 3922 838 3971 commentatio
859 3922 971 3987 egregia,
990 3938 1042 3986 qua
1057 3923 1166 3971 duorum
1181 3922 1315 3986 librorum,
1331 3939 1348 3971 a
1363 3938 1423 3971 nos-

228 4011 338 4059 tratibus
361 4011 566 4074 conscriptorum
592 4019 617 4057 et
642 4009 740 4072 insigni
764 4007 975 4071 dignissimorum
1001 4007 1078 4056 laude
1103 4007 1181 4074 (alter
1206 4007 1310 4056 Oordtii
1335 4015 1375 4057 est
1394 4008 1425 4056 de

230 4096 401 4145 Constantino
426 4112 520 4160 magno
543 4096 646 4159 eiusque
670 4094 847 4157 decessoribus,
872 4092 977 4157 Belgice
1005 4094 1126 4158 scriptus,
1149 4093 1215 4142 alter
1238 4093 1373 4142 Karstenii
1394 4093 1425 4141 de

221 4184 278 4250 fide
307 4182 407 4247 Taciti)
430 4197 539 4231 censura
563 4182 656 4246 agitur,
678 4181 705 4229 in
725 4180 806 4229 diario
826 4179 965 4228 vernaculo
985 4195 1007 4228 c.
1028 4187 1046 4228 t.
1066 4181 1106 4229 De
1125 4179 1192 4230 Gids
1212 4180 1243 4229 A.
1264 4189 1424 4228 nsocccmx

250 4304 256 4317 .
348 4285 360 4318 s
402 4304 408 4317 .

230 4285 247 4333 p
266 4279 443 4418 23⁷iicqetirim
461 4353 602 4418 legendum
620 4352 730 4401 arbitror
749 4368 796 4416 pro
817 4352 909 4416 inepto
927 4359 1044 4416 coeperat
1063 4351 1136 4416 quod
1155 4350 1277 4400 traditum
1295 4357 1345 4399 est.
