3210 5274
772 392 835 471 146

250 567 337 647 ,Cur
360 569 567 632 abstinuerit
584 570 780 652 spectaculo
803 572 876 654 ipse
900 571 992 634 varie
1016 572 1202 635 tradebant
1222 571 1268 654 1)”

203 687 349 755 clamare
381 688 414 752 in
447 699 607 772 promptu
638 699 704 753 est:
740 699 805 772 ,at,
837 711 858 754 0
890 691 991 767 bone,
1023 691 1123 754 nobis
1147 691 1195 755 nil
1220 713 1307 775 opus
1328 694 1393 756 istis

202 810 299 872 varie
329 809 537 874 trahentibus
568 810 621 874 vel
652 811 873 876 tradentibus:
907 811 979 894 ipse
1010 812 1102 875 enim
1134 812 1236 876 nobis
1265 834 1393 877 causam

202 929 402 1011 suppeditas
433 929 609 993 idoneam:
641 932 667 993 si
700 931 758 994 filii
788 931 1025 995 crudelitatem
1050 932 1248 1014 vituperare
1271 934 1396 997 solebat

204 1047 369 1123 Tiberius,
394 1048 484 1113 haud
506 1049 608 1113 dubie
630 1049 728 1113 nobis
747 1050 827 1113 inde
848 1051 980 1113 efficere
1001 1050 1081 1113 licet
1101 1051 1217 1133 ipsum
1236 1053 1395 1116 eiusmodi

203 1168 397 1250 spectacula
417 1170 451 1232 in
472 1169 601 1233 deliciis
621 1189 689 1233 non
710 1169 879 1245 habuisse,
900 1180 934 1233 et
951 1190 1159 1253 quamquam
1177 1172 1280 1253 aequi
1297 1171 1397 1235 fuerat

203 1290 377 1372 scriptoris
401 1290 487 1354 hanc
511 1311 648 1373 quoque
672 1310 808 1354 causam
834 1290 968 1354 disertis
992 1290 1142 1373 prolerre
1162 1293 1291 1368 verbis,
1312 1305 1395 1357 tuum

203 1419 319 1474 tamen
357 1409 569 1491 „silentium”
601 1411 773 1474 molestias
804 1410 903 1474 nobis
935 1430 1002 1473 non
1034 1410 1187 1485 exhibet,
1221 1413 1303 1494 quia
1334 1422 1395 1475 tam

203 1529 337 1593 facilem
358 1531 456 1594 nobis
468 1532 683 1596 coniectandi
697 1531 875 1595 reddidisti
889 1531 1066 1594 rationem.
1079 1531 1277 1596 Audiamus
1288 1541 1394 1595 tamen

204 1669 292 1731 quae
327 1650 371 1713 ab
405 1651 600 1714 auctoribus
630 1652 697 1714 tuis
728 1649 957 1734 proferantur:
996 1649 1070 1743 ,alii
1101 1652 1221 1715 taedio
1254 1650 1395 1715 coetus”.

205 1770 334 1833 Idonea
364 1770 519 1852 profecto
550 1791 660 1860 causa,
692 1791 860 1853 quaeque,
888 1770 968 1832 licet
992 1789 1111 1852 parum
1136 1771 1180 1832 sit
1206 1771 1395 1845 honorifica,

205 1890 295 1952 nulla
326 1898 441 1953 tamen
473 1891 647 1954 Tiberium
679 1890 783 1953 afficit
813 1888 1030 1953 contumelia.
1066 1887 1238 1970 ,Quidam
1269 1891 1395 1954 tristitia

205 2010 329 2091 ingenii
354 2019 389 2072 et
413 2019 505 2073 metu
531 2010 806 2093 comparationis,
831 2009 910 2091 quia
936 2009 1112 2091 Augustus
1136 2011 1285 2073 comiter
1306 2011 1395 2074 inter·

204 2128 353 2192 fuisset.”
375 2129 451 2192 Hoc
472 2150 609 2212 quoque
630 2129 814 2194 humanum
835 2139 896 2206 est,
918 2150 1029 2212 neque
1051 2129 1134 2192 vitio
1155 2138 1293 2194 vertere
1306 2129 1395 2194 alicui

203 2250 350 2313 solemus
369 2251 396 2311 si
416 2271 478 2332 pro
499 2271 534 2313 re
556 2259 635 2313 nata
655 2250 787 2313 vultum
808 2259 938 2313 mutare
960 2269 1028 2312 non
1049 2257 1175 2332 potest.
1198 2248 1293 2332 Quid
1312 2249 1395 2333 quod

203 2368 307 2431 semel
332 2371 376 2432 de
399 2370 538 2432 Tiberio
559 2369 759 2433 clementius
779 2369 927 2433 iudicare
949 2369 1075 2452 paratis
1094 2368 1184 2432 ultro
1205 2369 1396 2434 facultatem

205 2490 347 2571 praebes
371 2511 389 2552 e
414 2489 526 2553 verbis
550 2490 625 2565 tuis,
651 2490 806 2571 quamvis
830 2488 1015 2564 malevolis,
1040 2490 1175 2553 efficere
1198 2509 1220 2552 a
1239 2491 1397 2572 sanguine

204 2618 239 2672 et
262 2611 403 2673 saevitia
426 2618 507 2674 tunc
532 2618 623 2673 certe
647 2609 821 2673 Tiberium
845 2609 1070 2673 abhorruisse.
1092 2607 1194 2691 Quod
1217 2629 1301 2673 vero
1321 2609 1398 2672 haec

204 2749 341 2810 quoque
384 2727 503 2793 refers:
552 2730 613 2809 ,ad
655 2729 895 2792 ostentandam
930 2729 1109 2792 saevitiam
1145 2730 1399 2812 movendasque

205 2847 321 2931 populi
355 2846 558 2911 offensiones
590 2868 786 2912 concessam
818 2847 888 2911 filio
920 2846 1120 2912 materiem”
1143 2845 1250 2910 bilem
1275 2868 1399 2921 moves,

203 2966 294 3029 licet·
314 2966 398 3029 haec
430 2967 643 3049 praemiseris
669 2964 851 3029 vocabula:
880 2987 967 3046 ,non
993 2964 1231 3029 crediderim”.
1258 2966 1400 3030 Subiicis

204 3089 312 3150 enim:
352 3108 579 3169 ,quamquam
614 3088 648 3150 id
684 3107 820 3168 quoque
856 3087 985 3150 dictum
1016 3084 1108 3163 est”;
1141 3086 1193 3149 his
1226 3087 1400 3150 vocabulis

203 3214 313 3269 totum
338 3207 467 3270 claudis
486 3207 609 3283 locum,
630 3216 735 3289 atque
754 3207 801 3270 sic
823 3207 856 3269 in
877 3206 1062 3288 legentium
1082 3206 1204 3269 animis
1224 3205 1260 3268 τὸ
1280 3205 1398 3283 κέντρον

202 3324 461 3402 ἕγκκτκλείπεις.
485 3326 570 3390 Cum
591 3347 712 3390 causae
733 3328 888 3401 idoneae,
906 3324 1087 3407 simplices,
1101 3324 1303 3388 verisimiles
1316 3326 1399 3389 aliae

240 3557 265 3624 1)
285 3558 326 3607 Sic
346 3556 415 3606 enim
432 3555 573 3621 legendnm
588 3570 683 3605 censeo
700 3570 747 3619 pro
763 3554 838 3604 varie
854 3553 1003 3603 trahebant.
1019 3553 1087 3602 Nam
1102 3568 1181 3617 saepe
1197 3553 1308 3618 quidem
1323 3555 1399 3604 verbo

200 3645 326 3693 trahendi
343 3644 447 3692 additur
464 3642 573 3706 aliquod
591 3641 790 3705 substantivum,
808 3640 880 3705 quod
899 3639 1110 3704 reprehensionis
1128 3639 1182 3687 vim
1200 3638 1309 3705 habeat,
1328 3656 1398 3706 prae·

200 3731 277 3778 missa
302 3728 498 3794 praepositione
522 3729 560 3776 ad
582 3728 624 3776 vel
649 3728 677 3776 in
703 3743 726 3775 c.
751 3726 908 3791 accusativo,
934 3725 967 3774 ad
990 3724 1191 3789 significandum
1210 3726 1328 3792 aliquam
1347 3741 1399 3775 rem

199 3816 351 3880 improbari,
370 3830 393 3863 e.
409 3831 431 3863 c.

254 3903 286 3950 Α.
306 3902 327 3966 l,
347 3900 415 3965 62,3
435 3906 528 3949 cuncta
547 3899 694 3948 Germanici
714 3899 742 3948 in
762 3898 877 3947 deterius
896 3897 1017 3947 trahenti

277 3989 326 4053 111,
348 3987 416 4052 22,6
436 3987 544 4052 quidam
563 3988 601 4034 ad
616 3986 753 4035 saevitiam
774 3985 915 4035 trahebant

279 4076 326 4139 lv,
346 4074 411 4139 64,1
434 4074 541 4123 fortuita
559 4075 596 4121 ad
611 4075 715 4137 culpam
736 4073 870 4122 trahentes

235 4162 270 4209 H.
291 4161 326 4226 ll,
346 4172 411 4226 20,1
434 4167 553 4208 ornatum
572 4160 655 4223 ipsius
675 4160 703 4208 in
722 4159 869 4223 superbiam
892 4156 1041 4206 trahebant.

200 4247 298 4296 ldcone
323 4247 400 4296 etiam
425 4248 499 4296 varie
524 4247 630 4294 trulrere
654 4246 744 4295 licebit
768 4246 854 4294 dicere
879 4251 957 4308 atque
980 4242 1043 4291 inde
1061 4242 1222 4306 suspendere
1241 4245 1397 4294 sententium

200 4333 427 4395 interrogativam?
453 4333 512 4380 Non
538 4332 641 4396 opinor.
662 4332 714 4382 Sed
734 4347 774 4379 res
793 4331 869 4379 nobis
888 4337 927 4378 est
945 4343 1005 4377 cum
1024 4328 1055 4376 iis
1075 4329 1152 4378 rebus
1171 4344 1237 4394 quas
1256 4330 1326 4380 fama
1344 4339 1398 4379 tra·

201 4419 276 4466 debat
294 4426 321 4466 et
340 4434 427 4466 rumor
444 4419 588 4468 hominurn.
