3210 5274
752 1377 848 1439 VIII.

252 1602 409 1666 Ptitzneri
434 1603 680 1664 commentatio
705 1601 771 1676 illa,
796 1621 897 1683 quam
922 1604 1056 1684 saepius
1076 1605 1154 1677 iam,
1181 1611 1217 1665 ut
1237 1623 1297 1684 par
1318 1610 1401 1676 erat,

201 1721 352 1794 laudavi,
376 1742 396 1784 a
416 1721 648 1802 disputatione
670 1723 712 1783 de
733 1721 908 1784 codicibus
928 1721 1037 1785 Taciti
1058 1723 1186 1804 incipit.
1208 1722 1300 1784 Illius
1320 1742 1401 1803 ergo

202 1840 400 1921 exemplum
433 1860 487 1902 me
518 1840 681 1902 admonet
713 1848 750 1901 ut
783 1848 816 1901 et
848 1841 920 1921 ipse
952 1861 1060 1922 pauca
1083 1842 1251 1922 quaedam
1277 1842 1320 1903 de
1344 1840 1402 1902 illo

202 1967 406 2041 argumento
442 1960 475 2021 in
512 1960 662 2021 medium
698 1958 878 2041 proferam,
914 1981 996 2034 rem,
1033 1981 1134 2042 quam
1167 1981 1230 2043 ego
1262 1969 1401 2043 tangam

203 2079 456 2153 tantummodo,
481 2079 554 2140 aliis
578 2075 766 2142 accuratius
790 2080 1036 2142 enucleandam
1062 2068 1245 2142 relicturus.

251 2185 397 2259 Codices
431 2217 513 2278 ergo
548 2197 604 2270 illi,
641 2199 699 2279 qui
730 2199 764 2260 in
796 2199 948 2261 editione
981 2199 1234 2281 Nipperdeiana
1266 2201 1403 2263 alterius

207 2315 394 2378 Annalium
431 2316 536 2397 partis
570 2325 605 2378 et
642 2317 868 2379 Historiarum
900 2316 996 2380 litera
1028 2318 1037 2378 i
1069 2318 1310 2399 significantur,
1343 2339 1403 2400 per

206 2456 243 2498 se
275 2434 397 2498 nullius
429 2443 507 2498 sunt
538 2436 648 2517 pretiI,
680 2437 742 2498 nisi
775 2437 808 2498 in
840 2436 880 2498 iis
911 2436 993 2498 locis
1025 2436 1081 2499 ubi
1116 2437 1289 2501 Mediceus
1318 2438 1403 2500 alter

205 2554 388 2618 lacunosus
418 2563 480 2630 est,
510 2561 632 2636 utpote
663 2555 721 2650 qui
754 2555 808 2617 vel
839 2576 883 2617 ex
915 2556 989 2636 ipso
1021 2556 1189 2630 Mediceo,
1221 2557 1285 2631 vel,
1310 2558 1402 2638 quod

207 2674 438 2757 Nipperdeius
457 2675 586 2749 statuit,
607 2694 650 2736 ex
671 2674 870 2756 apographo
890 2674 1040 2755 quodam
1061 2676 1132 2737 eius
1152 2676 1218 2737 sint
1232 2676 1402 2757 descripti.

207 2792 359 2857 Omnino
390 2794 600 2855 verissimum
625 2793 706 2856 illud
731 2801 792 2867 est,
817 2802 852 2855 et
876 2801 991 2856 tamen
1016 2814 1058 2857 ne
1082 2794 1136 2856 hic
1161 2796 1299 2876 quidem
1327 2796 1402 2875 ,de-

207 2911 371 2975 teriores”
401 2911 447 2974 illi
471 2913 608 2994 impune
632 2912 732 2975 abiici
758 2914 898 2994 possint,
925 2921 1045 2994 utpote
1069 2915 1126 2994 qui
1152 2914 1320 2976 interdum
1345 2914 1402 2977 ali·

206 3033 289 3115 quid
312 3040 449 3094 servent
469 3032 562 3113 quod
584 3033 681 3093 unice
703 3052 819 3093 verum
840 3033 892 3105 sit,
914 3051 990 3094 cum
1009 3033 1081 3114 ipse
1097 3032 1270 3095 Mediceus
1283 3035 1401 3096 vitium

208 3153 254 3215 ibi
284 3151 457 3225 exhibeat,
482 3159 540 3212 aut
564 3150 691 3231 aliquid
717 3150 881 3213 eiusmodi
907 3152 1010 3232 quod,
1036 3152 1168 3213 etiamsi
1193 3172 1309 3214 verum
1334 3173 1401 3215 non

206 3271 260 3344 sit,
288 3280 405 3332 tamen
429 3289 473 3331 ex
498 3270 573 3350 ipso
597 3269 755 3331 Mediceo
779 3270 893 3331 eiusve
917 3268 1115 3350 apographo
1140 3272 1226 3333 sumi
1251 3291 1319 3333 non
1343 3293 1402 3353 po·

207 3390 322 3450 tuerit,
347 3387 501 3450 Breviter
523 3388 616 3450 locos
640 3387 809 3463 indicabo,
830 3389 888 3469 qui
910 3381 991 3449 mihi
1012 3388 1077 3450 hoc
1099 3390 1235 3451 nomine
1256 3391 1402 3454 maxime

209 3506 380 3571 notabiles
403 3508 465 3569 visi
489 3514 585 3568 sunt:

255 3627 347 3689 Ann.
381 3626 443 3711 XI,
480 3643 528 3704 14.
562 3625 721 3688 Claudius
751 3633 820 3687 tres
852 3624 981 3687 litteras
1012 3625 1146 3699 adiecit,
1172 3646 1259 3706 quae
1284 3628 1317 3688 in
1344 3647 1402 3690 usu

208 3747 427 3830 Imperitante
459 3764 511 3818 e0,
544 3752 621 3825 post
646 3743 873 3816 oblitteratae,
897 3743 1105 3824 aspiciuntur
1129 3745 1232 3806 etiam
1258 3748 1403 3809 nuncin

207 3886 286 3930 aere
312 3866 443 3950 publico
473 3867 527 3928 dis
547 3864 728 3947 plebiscitis
752 3882 812 3944 per
837 3861 909 3924 lora
932 3882 972 3923 ac
996 3863 1125 3945 templa
1149 3863 1228 3926 fixo.
1254 3864 1309 3928 Sic
1334 3866 1405 3927 Me·

207 3987 342 4061 diceus;
374 3985 477 4047 lectio
509 3984 536 4045 i:
563 3982 774 4065 publicandis
798 3979 988 4063 plebiscitis.
1022 3980 1169 4063 Intelligi
1201 3992 1293 4045 certe
1321 3983 1405 4046 haec

207 4113 333 4188 potest,
367 4123 410 4165 ex
443 4102 599 4164 Mediceo
632 4100 697 4181 (vel
729 4100 800 4160 eius
829 4097 1039 4180 apographo)
1066 4102 1156 4163 nasci
1181 4123 1249 4165 non
1273 4103 1406 4184 potuit:

208 4226 407 4288 coniectura
432 4230 484 4284 est
509 4221 655 4283 hominis
679 4217 864 4299 exemplari
888 4237 949 4279 suo
975 4238 1042 4281 non
1068 4221 1166 4282 unice
1190 4221 1308 4283 dediti.

253 4344 346 4406 Anm
380 4341 439 4414 XI,
477 4341 525 4402 16.
550 4339 796 4403 Cheruscorum
821 4356 904 4416 gens
930 4356 1044 4417 regem
1070 4338 1179 4401 Roma
1204 4339 1326 4421 petivit
