3210 5274
699 392 702 397 ·
764 397 827 464 ²07

203 566 281 628 illuc
314 573 551 647 sequerentur:
576 563 626 625 sin
653 562 815 625 victoriae
840 561 995 624 columen
1021 562 1054 623 in
1080 561 1178 623 ltalia
1202 568 1400 632 verteretur,

204 705 273 747 non
298 683 550 765 abrumpendos
575 689 612 744 ut
636 681 771 764 corpori
796 681 1020 744 validissimos
1043 679 1168 743 artuS.''

250 803 467 866 Vocabulum
488 802 589 885 paulo
612 804 721 864 minus
741 802 902 864 usitatum
924 801 1066 864 columen
1087 800 1207 881 aliquis
1230 808 1401 879 utcunque

203 923 419 1004 interpretari
440 930 491 983 est
513 930 656 984 conatus
676 921 903 983 adscribendo
928 921 1081 998 ,sanitas
1102 916 1401 982 sustentaculum.”

203 1042 323 1122 Atque
336 1041 425 1103 istud
440 1040 792 1122 interpretamentum,
803 1048 875 1101 tam
888 1040 1118 1122 importunum
1134 1049 1271 1120 tamque
1285 1058 1403 1119 parum

202 1169 333 1242 aptum,
359 1159 432 1221 sine
456 1158 522 1221 ulla
548 1167 629 1221 nota
653 1159 686 1220 in
710 1167 809 1221 textu
834 1158 992 1240 perstitit,
1017 1159 1127 1221 donec
1151 1179 1171 1220 a
1192 1157 1402 1240 Nipperdeio

203 1278 336 1343 uncinis
356 1289 407 1342 est
428 1279 604 1352 inclusum,
624 1278 748 1359 quibus
769 1286 884 1340 tamen
905 1313 947 1323 —
968 1286 1004 1340 ut
1025 1297 1114 1339 nunc
1135 1284 1212 1339 sunt
1233 1297 1344 1340 mores
1359 1314 1402 1323 -

203 1397 346 1460 sortasse
371 1418 453 1460 mox
477 1397 686 1460 liberabitur.
1195 1440 1206 1469 ,

251 1517 295 1579 H.
320 1518 363 1591 11,
389 1517 443 1598 63.
470 1516 649 1580 Dolabella
673 1536 742 1599 quo
767 1515 908 1579 crimine
932 1516 1068 1598 perierit
1092 1516 1139 1577 sic
1165 1524 1335 1578 narratur:

253 1636 453 1717 „Dolabella
484 1637 601 1700 audita
632 1644 742 1698 morte
772 1634 919 1699 Othonis
942 1635 1060 1697 urbem
1086 1636 1271 1698 introierat.
1308 1635 1348 1697 Id
1373 1635 1403 1698 ei

204 1756 361 1819 Plancius
384 1756 494 1819 Varus
515 1763 673 1838 praetura
694 1754 840 1830 functuS,
860 1775 904 1816 ex
923 1755 1051 1817 intimis
1065 1754 1263 1817 Dolabellae
1276 1755 1403 1829 amicis,

202 1875 296 1956 apud
322 1874 478 1937 Flavium
504 1872 679 1949 Sabinum,
704 1874 913 1957 praefectum
939 1873 1041 1947 urbis,
1067 1872 1225 1935 obiecit.'’

250 1992 363 2057 Sicine
389 1993 567 2056 Latinitati
593 1993 661 2055 vim
683 1992 783 2055 faciat
804 1993 992 2075 quisquam,
1015 2000 1051 2054 ut
1072 2012 1149 2055 cum
1170 1993 1282 2055 dicere
1303 1992 1402 2055 velit:

208 2111 419 2192 „Dolabellae
442 2111 565 2186 Varus,
589 2131 632 2173 ex
656 2111 784 2174 intimis
804 2112 873 2174 eius
892 2112 1019 2185 amicis,
1042 2111 1189 2174 obiecit.
1204 2158 1211 2172 .
1226 2111 1267 2185 .,''
1287 2112 1347 2174 sed
1368 2132 1404 2174 se

205 2250 331 2294 nomen
358 2230 439 2293 illud
461 2230 564 2312 paulo
584 2239 663 2292 'ante
685 2250 812 2312 ponere
832 2214 1039 2304 recordetur,
1060 2250 1121 2312 pro
1142 2229 1199 2292 illo
1213 2252 1402 2313 pronomen

203 2351 236 2413 ei
258 2359 377 2432 ponat,
403 2359 473 2413 turn
500 2349 607 2412 tribus
628 2348 804 2412 vocabulis
823 2349 1009 2412 interiectis
1028 2349 1102 2431 ipso
1123 2351 1244 2413 iterum
1266 2351 1403 2413 nomine

204 2470 345 2551 proprio
367 2477 483 2531 utatur
503 2470 545 2550 (ei
565 2468 686 2542 VaruS,
708 2488 752 2531 ex
773 2469 900 2531 intimis
912 2469 1105 2533 Dolabellae
1116 2470 1233 2532 amicis
1245 2469 1406 2551 obiecitli

204 2586 306 2651 Certe
339 2609 407 2651 non
440 2588 518 2650 fecit
551 2588 702 2662 TacituS,
733 2590 804 2663 sed,
838 2590 930 2671 quod
956 2589 1121 2671 elegantis
1146 2599 1197 2652 est
1221 2590 1406 2672 scriptoris,

202 2708 446 2769 tantummodo
470 2727 511 2770 ex
531 2708 659 2770 intimis
678 2709 796 2769 amicis
816 2709 960 2790 scripsit,
981 2708 1123 2771 minime
1142 2709 1301 2771 dubitans
1322 2710 1403 2790 quin

202 2826 319 2887 statim
345 2827 488 2908 quisque
513 2825 745 2889 intellecturus
769 2835 858 2888 esset
881 2847 900 2888 e
923 2827 1113 2891 Dolabellae
1137 2829 1264 2891 intimis
1287 2828 1405 2890 amicis

203 2945 305 3009 luisse
332 2945 472 3008 Varum.

250 3065 294 3127 H.
320 3066 363 3140 Il,
389 3066 449 3147 78:
475 3065 729 3144 „Recursabant
748 3066 863 3127 animo
884 3065 1110 3148 (Vespasiani)
1133 3077 1249 3131 vetera
1269 3069 1401 3131 omina:

202 3205 382 3268 cupressus
407 3181 531 3271 [arbor]
557 3187 590 3248 in
614 3186 704 3267 agris
729 3185 810 3259 ciue,
835 3186 1017 3266 conspicua
1042 3185 1232 3262 altitudine,
1259 3198 1401 3270 repente

204 3305 399 3388 prociderat
423 3325 452 3366 e.
467 3325 500 3387 q.
514 3303 563 3367 S.''

249 3424 502 3486 Balbutientem
521 3423 619 3486 nobis
631 3423 789 3485 Tacitum
803 3423 967 3496 exhibuit,
981 3424 1038 3505 qui
1053 3425 1180 3506 primus
1193 3427 1282 3489 istud
1295 3428 1399 3491 arbor

203 3543 317 3605 verbis
341 3544 412 3618 eius
436 3543 572 3606 adiecit.
598 3541 663 3605 Hic
688 3562 825 3624 quoque
850 3542 977 3624 primus
1002 3543 1193 3606 mortalium
1219 3546 1399 3609 veritatem

202 3662 344 3743 agnovit
369 3661 580 3744 Leopoldius
605 3681 712 3724 meus

249 3781 293 3845 H.
319 3781 362 3854 ll,
387 3796 441 3863 95.
467 3780 516 3846 Ut
539 3783 706 3865 significet
731 3802 832 3863 quam
858 3789 987 3844 mature
1014 3803 1138 3845 novum
1164 3783 1245 3846 illud
1271 3784 1400 3848 Vitellii

202 3901 382 3982 imperium
408 3902 524 3963 omnia
548 3903 697 3984 priorum
722 3921 902 3983 regnorum
927 3901 1010 3962 vitia
1033 3905 1250 3977 contraxerit,
1276 3915 1310 3968 et
1334 3906 1400 3968 alia

202 4020 308 4082 tradit
332 4019 471 4083 Tacitus
496 4030 530 4082 et
554 4020 619 4082 hoc
642 4021 836 4083 acutissima
861 4020 1015 4081 enuntiat
1039 4020 1224 4084 brevitate:

249 4139 413 4201 Nondum
446 4149 585 4221 quartus
612 4160 632 4202 a
657 4140 799 4202 victoria
824 4139 949 4200 mensis
973 4147 1006 4199 et
1029 4140 1196 4204 Asiaticus
1221 4143 1398 4226 Polyclitos

202 4258 381 4322 Patrobios
405 4267 440 4321 et
465 4268 581 4321 vetera
606 4261 761 4322 odiorum
787 4259 924 4321 nomina
948 4259 1151 4337 aequabat.”

249 4379 340 4440 Bene
362 4378 539 4441 nobiscum
561 4389 674 4442 actum
692 4379 857 4442 fateamur
869 4377 962 4457 quod
978 4396 1045 4439 non
1059 4380 1092 4441 in
1106 4382 1224 4443 codice
1237 4383 1295 4444 sit:
1320 4381 1401 4461 ,Vi-
