3292 5280
776 388 839 434 222

260 551 355 628 ,Mos
379 560 430 613 est
454 553 599 634 regibus,
623 554 781 634 quotiens
802 555 835 616 in
856 554 1056 617 societatem
1077 562 1209 628 coeant,
1231 553 1404 636 implicare
1464 592 1466 596 .

214 671 351 733 dextras
384 672 590 754 pollicesque
616 673 702 735 inter
726 693 761 734 se
787 673 914 735 vincire
939 674 1100 756 nodoque
1124 671 1407 756 praestringere.”

258 791 420 854 Deleatur
452 794 503 855 in:
531 813 598 855 non
623 793 713 855 enim
740 794 803 856 ista
828 793 912 856 fiunt
937 794 970 856 in
995 794 1105 877 primo
1129 814 1322 875 congressu,
1348 795 1406 874 qui

213 911 372 993 colloquii
397 913 440 974 de
461 914 624 975 socictate
645 933 745 975 causa
766 913 919 988 habetur,
940 915 999 976 sed
1022 922 1203 996 postquam
1217 914 1406 996 congressis

214 1031 387 1113 multaque
401 1032 570 1113 utrimque
584 1032 704 1094 locutis
719 1033 784 1094 lam
799 1033 924 1114 placuit
938 1033 1092 1095 societas.
1112 1032 1260 1095 Addidit
1273 1032 1405 1113 aliquiS,

214 1153 272 1234 qui
292 1151 498 1215 locutionem
512 1152 574 1213 sibi
589 1152 774 1214 inauditam
787 1154 969 1216 societatem
982 1154 1070 1216 coire
1082 1172 1149 1215 uon
1163 1161 1405 1234 concoqueret.

215 1271 244 1332 E
269 1271 432 1334 Cicerone
456 1280 570 1333 tamen
595 1280 711 1334 notam
728 1284 810 1334 'eam
836 1272 960 1335 habere
985 1281 1130 1355 poterat.

263 1391 303 1453 A.
324 1392 401 1466 XII,
424 1406 474 1471 51.
490 1392 717 1466 Radamistus
730 1393 787 1473 qui
802 1391 1001 1454 Armeniam
1015 1392 1197 1474 occupavit
1210 1392 1409 1473 crudelique

215 1521 317 1574 vexat
350 1513 502 1593 imperio,
534 1512 579 1573 ab
604 1511 696 1574 iratis
720 1511 850 1573 civibus
874 1512 907 1572 in
932 1531 993 1573 sua
1016 1512 1108 1593 regia
1131 1511 1408 1584 circumvenitur,

215 1634 274 1695 sed
296 1633 496 1714 pernicitate
517 1632 595 1712 equi
616 1652 652 1692 se
673 1631 909 1693 obsidentibus
929 1631 1108 1694 subtrahit.
1133 1631 1214 1693 Post
1227 1632 1408 1711 variosque

216 1773 328 1815 casus:

264 1872 431 1952 „Hiberos
455 1872 498 1932 ad
524 1871 669 1952 patrium
695 1890 835 1951 regnum
861 1868 1051 1952 pervadit”

264 1992 311 2055 Ut
332 2000 505 2053 sanaretur
525 1991 660 2052 soloeca
681 1991 862 2053 verborum
883 1999 1061 2063 structura,
1077 1989 1253 2052 Heinsius:
1272 1990 1333 2068 „ad
1350 1988 1410 2050 Hi-

218 2113 316 2174 beros
334 2111 479 2192 patrium
493 2111 525 2172 in
540 2130 680 2191 regnum
695 2108 872 2191 pervadit”
886 2110 1080 2192 proposuit;
1095 2109 1410 2189 Bezzenbergerus:

222 2232 282 2309 „ad
314 2230 460 2292 Hiberos
485 2229 630 2311 patrium
655 2249 796 2309 regnum
823 2228 889 2311 p.’'.
925 2227 994 2292 Sed
1018 2237 1147 2311 quanto
1171 2228 1341 2291 efficacior
1365 2229 1410 2291 le-

219 2352 358 2432 niorque
384 2350 506 2411 Ritteri
530 2349 616 2410 ratio
640 2357 752 2410 totum
776 2348 857 2411 illud
883 2348 1027 2412 Hiberos
1050 2349 1204 2412 delentis.
1231 2348 1331 2411 Esset
1352 2369 1411 2411 cur

219 2472 423 2542 miraremur,
449 2469 475 2529 si
501 2469 543 2530 ad
568 2467 678 2529 Taciti
703 2467 807 2529 verba
831 2469 879 2530 ad
893 2470 1048 2550 patrium
1072 2489 1211 2550 regnum
1235 2489 1410 2550 nunquam

217 2590 306 2651 istud
330 2588 474 2650 Hiberos
495 2588 703 2669 adscriptum
728 2586 854 2649 suisset.

261 2709 304 2771 A.
341 2709 418 2782 XII,
457 2723 507 2787 54.
545 2706 643 2769 Felix
679 2705 921 2770 Samaritarum
954 2716 989 2769 et
1021 2706 1203 2770 Ventidius
1235 2707 1408 2770 Cumanus

217 2829 444 2893 Galilaeorum
476 2826 666 2909 praelectus
697 2828 785 2889 inter
816 2847 853 2889 se
877 2827 1033 2889 immissis
1057 2827 1245 2889 latronibus
1270 2837 1409 2911 raptant

219 2950 429 3033 praedasque
453 2950 495 3010 ad
521 2955 756 3029 procuratores
780 2945 946 3009 referunt:

267 3068 388 3149 „hique
420 3067 530 3148 primo
562 3066 697 3141 laetari;
732 3086 812 3128 mox
844 3066 1008 3146 gliscente
1040 3066 1189 3148 pernicie
1214 3087 1292 3130 cum
1317 3088 1410 3131 arma

219 3187 362 3250 militum
387 3186 645 3260 interiecissent,
670 3187 758 3248 caesi
784 3184 936 3249 milites.”

265 3306 443 3368 Diutiusne
475 3305 658 3367 absurdum
691 3306 792 3367 istum
823 3313 858 3366 et
886 3306 960 3387 ipso
985 3306 1229 3369 vocabulorum
1253 3327 1339 3370 sono
1365 3310 1430 3399 ing

219 3425 431 3489 tolerabilem
456 3445 647 3487 sermonem
674 3423 828 3498 leramuS,
853 3445 896 3486 an
920 3425 1063 3487 militum
1087 3424 1281 3488 eliciamus?
1312 3426 1412 3490 Certe

219 3547 311 3608 nudo
336 3543 503 3606 vocabulo
527 3564 626 3606 arma
650 3544 694 3605 ad
719 3542 995 3625 perspicuitatem
1021 3542 1103 3606 nihil
1127 3546 1241 3607 deest:
1262 3545 1412 3609 latrones

219 3666 273 3727 isti
305 3664 445 3727 sortasse
476 3699 520 3707 -
551 3682 759 3744 quamquam
791 3681 833 3723 ne
864 3662 930 3724 hoc
954 3663 1093 3744 quidem
1117 3665 1344 3727 necessarium
1368 3701 1411 3711 -

219 3804 333 3847 secum
366 3783 556 3845 habuerunt
589 3782 727 3863 aliquid,
752 3802 821 3863 quo
846 3781 985 3844 vulnera
1008 3781 1118 3846 lacere
1142 3793 1298 3867 possent;
1325 3785 1412 3848 iusta

220 3926 319 3968 arma
344 3923 410 3966 non
437 3902 637 3964 habuerunt.

265 4024 310 4086 A.
346 4023 431 4097 XII,
467 4023 527 4100 64:
571 4020 806 4102 Prodigiorum
842 4040 943 4082 omne
978 4041 1085 4102 genus
1120 4022 1245 4084 civium
1281 4032 1414 4085 mentes

221 4142 444 4226 perturbabat
456 4166 463 4203 :

271 4261 357 4340 ,Sed
402 4261 435 4322 in
480 4260 663 4343 praecipuo
699 4278 825 4339 pavore
861 4259 1070 4342 Agrippina,
1107 4281 1228 4324 vocem
1263 4242 1415 4337 Claudii,

224 4402 326 4464 quam
359 4379 565 4443 temulentus
596 4380 731 4452 iecerat,
763 4376 865 4440 fatale
896 4379 970 4453 sibi,
1004 4374 1040 4443 ut
1071 4382 1253 4465 coniugum
1288 4381 1416 4465 flagitia
