3292 5280
805 375 848 442 72

224 542 405 602 tummodo
439 538 551 601 verbis
582 540 630 601 ita
660 539 854 622 scripsisset,
887 559 975 622 quae
1002 547 1073 602 tam
1097 537 1266 621 languida
1291 548 1371 603 sunt
1391 540 1425 602 'ut

225 661 258 722 in
292 659 383 722 nullo
415 661 579 740 scriptore
612 660 737 722 nedum
769 659 891 722 Tacito
922 658 999 722 ferri
1031 660 1173 741 possint,
1201 680 1265 742 pro
1290 661 1425 724 additur

198 859 202 866 Ι
224 780 406 862 legendum
431 799 555 840 censeo
579 779 711 842 addidit
734 779 787 842 vel
813 780 926 862 potius
948 779 1053 852 addit,
1079 779 1172 861 quod
1200 800 1309 860 quam
1335 780 1425 843 facile

225 899 257 959 in
282 899 421 961 additur
445 897 615 978 corrumpi
640 899 788 978 potuerit
814 898 957 979 quisque
981 898 1092 972 videt;
1117 917 1187 980 quo
1212 899 1302 962 vitio
1325 899 1424 962 semel

224 1019 416 1091 commiss0,
441 1026 477 1079 ut
501 1025 616 1079 tamen
641 1016 754 1098 aliquo
781 1018 884 1081 modo
908 1018 1106 1081 cohaereret
1130 1021 1318 1094 sententia,
1340 1020 1424 1082 istud

224 1139 272 1201 ita
297 1138 483 1219 scripsisset
507 1146 626 1219 postea
651 1145 702 1199 est
727 1138 901 1200 insertum.

270 1256 362 1317 Ann.
396 1256 472 1330 XV,
508 1271 558 1338 59.
598 1257 783 1335 „Immotus
818 1256 869 1318 his
901 1257 1098 1338 (amicorum
1130 1257 1423 1321 admonitionibus

226 1376 313 1455 Piso)
345 1384 379 1437 et
412 1375 583 1456 paululum
616 1376 649 1436 in
682 1375 818 1457 publico
851 1385 1012 1452 versatus,
1045 1385 1122 1458 post
1154 1376 1252 1439 domi
1276 1387 1423 1441 secretus

224 1496 374 1557 animum
407 1497 585 1557 adversum
618 1514 775 1575 suprema
808 1494 974 1570 firmabat,
997 1496 1109 1558 donec
1133 1515 1256 1558 manus
1281 1497 1422 1559 militum

224 1616 412 1688 adveniret,
434 1635 520 1696 quos
540 1614 632 1676 Nero
653 1614 780 1677 tirones
800 1624 858 1678 aut
874 1615 1053 1697 stipendiis
1065 1625 1221 1679 recentes
1234 1618 1422 1699 delegerat:

226 1757 304 1799 nam
329 1745 426 1798 vetus
452 1735 547 1797 miles
571 1735 755 1797 timebatur
779 1757 979 1818 quamquam
1005 1734 1119 1799 favore
1143 1736 1332 1801 imbutus'‘.

270 1854 325 1919 Sic
353 1856 536 1929 MediceuS,
562 1855 621 1917 sed
646 1855 735 1917 haud
761 1855 864 1917 dubie
889 1875 1006 1918 verum
1030 1855 1116 1918 vidit
1142 1856 1343 1931 Rhenanus,
1369 1858 1422 1940 qui

225 1989 394 2057 tamquam
426 1975 612 2056 proposuit.
642 1972 732 2055 Quid
758 1973 870 2038 enim?
896 1975 987 2057 Erga
1009 1983 1122 2038 utrum
1147 1976 1295 2040 militum
1314 1980 1422 2061 fauor

226 2116 297 2157 esse
330 2105 364 2157 ct
396 2096 535 2176 cogitari
570 2104 692 2176 potest,
724 2116 804 2176 erga
836 2097 1002 2158 ducemne
1033 2116 1141 2171 suurn,
1175 2097 1240 2160 rite
1273 2108 1422 2160 creatum

226 2216 357 2296 riteque
390 2215 470 2295 ipsis
503 2215 743 2295 praepositum,
775 2235 817 2276 an
850 2235 930 2296 erga
962 2235 1049 2290 eum,
1082 2216 1139 2297 qui
1173 2215 1279 2280 fidem
1307 2238 1422 2281 eorum

225 2333 405 2395 sollicitare
437 2331 572 2395 studet?
607 2333 776 2413 Equidem
807 2354 875 2396 non
905 2334 1026 2396 dubito
1052 2335 1133 2416 quin
1159 2336 1277 2418 inepte
1301 2338 1423 2400 milites

224 2455 423 2536 imperatori
445 2474 502 2516 suo
519 2456 645 2535 favere
668 2455 832 2527 dicantur,
857 2454 916 2515 sed
943 2463 1034 2516 recte
1049 2456 1177 2537 favere
1201 2455 1363 2519 dicuntur
1383 2458 1421 2530 ei,

225 2574 281 2653 qui
306 2573 485 2655 largitione
509 2572 613 2633 utitur
631 2573 809 2634 adversum
829 2574 950 2635 airricus
969 2585 1001 2636 et
1018 2574 1140 2656 ignotis
1154 2595 1281 2656 quoque
1296 2576 1337 2656 (c.
1353 2577 1422 2657 48),

225 2693 315 2755 illam
348 2701 462 2755 autem
494 2713 512 2753 e
545 2691 706 2753 militibus
734 2692 755 2753 ii
783 2692 845 2754 soli
874 2693 1020 2774 experiri
1048 2702 1243 2775 potuerunt,
1275 2697 1333 2777 qui
1359 2697 1422 2757 iam

224 2812 431 2893 aliquamdiu
453 2811 485 2872 in
507 2811 624 2873 castris
644 2820 750 2873 erant.
772 2810 820 2874 Cs.
845 2811 888 2873 H.
911 2811 953 2886 Il,
977 2813 1036 2893 85:
1064 2814 1183 2891 „tertia
1203 2813 1294 2895 legio
1311 2835 1422 2878 exem·

225 2932 317 3013 plum
350 2931 470 2992 ceteris
494 2930 684 3012 legionibus
709 2930 864 3012 praebuit
890 2931 946 3012 (sc.
972 2933 1014 2994 ad
1041 2931 1294 3024 Vespasianum
1318 2943 1423 2997 trans·

224 3027 429 3132 grediendi):
455 3059 577 3112 octava
602 3058 673 3110 erat
698 3069 736 3112 ac
761 3051 907 3132 septima
932 3051 1127 3126 Claudiana,
1149 3053 1283 3117 inbutae
1295 3056 1423 3137 faetore

227 3170 394 3234 Otlronis''.
431 3169 523 3233 Otho
555 3171 644 3233 enim
678 3171 803 3252 ubique
836 3174 926 3253 apud
960 3172 1117 3235 Tacitum
1150 3193 1218 3236 non
1250 3194 1352 3238 verus
1383 3195 1420 3238 ac

224 3291 392 3370 legitimus
417 3290 587 3372 legionum
609 3299 711 3371 atque
734 3291 837 3352 totius
858 3291 989 3373 imperii
1010 3292 1081 3354 dux
1101 3301 1161 3367 est,
1183 3295 1242 3355 sed
1265 3296 1420 3359 turbidus

224 3410 327 3472 honio
353 3411 409 3490 qui
434 3430 453 3471 a
477 3410 629 3491 legitimo
654 3412 858 3491 imperatore
881 3410 989 3473 Galba
1010 3420 1141 3493 partem
1161 3413 1308 3475 militum
1329 3413 1419 3477 haud

224 3529 322 3592 bonis
357 3530 485 3591 artibus
518 3532 560 3592 ad
593 3550 628 3590 se
660 3530 824 3592 allexerit.
859 3531 903 3592 Et
936 3540 1050 3593 tamen
1076 3531 1164 3594 hunc
1189 3551 1233 3593 ex
1258 3531 1420 3596 Historiis

223 3650 333 3711 locum
355 3650 493 3730 quidam
516 3649 659 3711 afferunt
681 3651 723 3712 ad
745 3670 864 3712 vocem
881 3671 1080 3731 quamquam
1097 3660 1214 3713 nostro
1232 3651 1420 3716 Annalium

223 3769 298 3830 loco
323 3771 495 3831 tuendam.
521 3769 573 3831 En
599 3790 666 3850 quo
691 3771 814 3831 ducere
836 3771 941 3851 possit
963 3770 1118 3832 homines
1137 3770 1311 3834 novicium
1330 3773 1420 3836 istud

222 3889 371 3949 studium
397 3889 550 3968 quamvis
576 3889 677 3950 certis
697 3888 906 3970 obloquendi
928 3888 1241 3952 emendationibus!
1263 3891 1318 3953 De
1338 3894 1421 3956 duo-

157 4067 160 4073 ,
222 4006 285 4067 bus
316 4007 388 4067 aliis
421 4007 603 4081 vocabulis,
636 4027 723 4087 quae
751 4017 785 4068 et
814 4008 887 4089 ipsa
915 4009 956 4069 ad
984 4007 1156 4070 modestos
1180 4018 1214 4071 et
1239 4010 1422 4075 seditiosos

222 4127 313 4188 cives
334 4126 523 4207 militesque
545 4127 727 4207 pertinent,
745 4147 854 4207 neque
872 4127 954 4189 satis
970 4135 1126 4189 accurate
1139 4127 1281 4210 intelligi
1295 4131 1419 4207 solent,

223 4267 304 4308 mox
333 4267 481 4327 agemus.

266 4365 548 4429 Coniunctionem
568 4388 644 4429 stam
664 4376 697 4428 et
716 4367 759 4429 ab
777 4367 850 4428 aliis
866 4366 1087 4448 scriptoribus
1099 4375 1133 4428 et
1147 4387 1166 4429 a
1179 4366 1300 4430 Tacito
1314 4389 1419 4454 saepe
