3210 5274
771 404 835 472 273

251 566 297 631 H.
321 568 366 644 ΙΙ,
389 569 442 651 63.
466 568 572 651 Apud
594 568 751 633 Flavium
773 568 936 634 Sabinum
958 571 1166 652 praelectum
1188 571 1279 635 urbis
1298 571 1400 635 Dola·

202 686 306 763 bella,
332 690 388 772 qui
412 689 457 753 ab
481 687 619 754 Othone
644 690 677 752 in
702 688 871 753 coloniam
896 690 1107 772 Aquinatem
1127 699 1199 754 erat
1220 693 1400 773 sepositus,

202 806 250 869 ab
269 807 382 871 amico
402 807 533 891 perfido
553 817 731 871 accusatur
751 810 842 892 quod
863 811 979 873 audita
1000 819 1109 873 morte
1130 808 1277 875 Othonis
1288 819 1399 873 custo·

204 926 298 989 diam
322 927 478 1009 rupisset,
500 928 600 991 victis
623 929 778 1010 partibus
796 950 833 992 se
857 937 1072 1007 ostentasset,
1097 930 1274 993 cohortem
1295 950 1400 1012 quan·

204 1044 286 1109 dam
309 1046 538 1111 sollicitasset:

253 1166 347 1247 ¹,Nec
369 1167 444 1230 ullis
463 1176 637 1232 tantorum
656 1168 835 1232 criminum
856 1169 1115 1252 probationibus
1135 1169 1167 1251 (i.
1189 1190 1218 1231 e.
1239 1188 1316 1231 cum
1338 1168 1399 1231 cri·

206 1286 299 1349 mina
322 1286 378 1349 illa
401 1286 495 1350 nullo
518 1287 622 1350 modo
647 1288 791 1371 probare
816 1290 943 1370 posset)
967 1288 1001 1350 in
1026 1288 1271 1370 paenitentiam
1284 1308 1400 1350 versus

204 1406 405 1489 (accusator)
429 1427 539 1470 seram
563 1409 697 1471 veniam
722 1417 800 1490 post
819 1408 929 1471 scelus
952 1408 1148 1489 quaerebat.
1172 1406 1398 1471 Cunctantem

204 1544 308 1608 supra
337 1534 435 1590 tanta
465 1548 500 1590 re
533 1528 688 1592 Flavium
722 1527 886 1592 Sabinum
909 1527 1050 1602 Triaria,
1081 1529 1122 1590 L.
1148 1528 1277 1591 Vitellii
1303 1548 1398 1603 uxor,

205 1645 292 1709 ultra
323 1645 485 1710 seminam
518 1646 628 1723 ferox,
661 1649 793 1723 terruit,
826 1668 868 1710 ne
900 1647 1050 1729 periculo
1081 1647 1243 1729 principis
1273 1646 1399 1709 lamam

203 1765 406 1831 clementiae
430 1766 652 1831 adsectaret.”

249 1885 384 1949 Deinde
416 1886 559 1969 legimus
591 1885 765 1961 Sabinum,
798 1886 971 1949 hominem
1003 1887 1173 1968 ignavum,
1206 1885 1271 1947 hoc
1302 1905 1398 1967 argu-

204 2014 323 2068 mento
346 2006 485 2080 victum,
510 2025 586 2067 cum
610 2013 711 2068 antea
736 2003 935 2067 Dolabellae
960 2024 1098 2087 parcere
1119 2004 1289 2079 voluisset,
1310 2004 1399 2066 ultro

202 2142 345 2206 operam
376 2123 510 2186 dedisse
543 2131 579 2185 ut
613 2123 753 2187 Vitellio
784 2124 981 2206 imperatori
1013 2143 1116 2204 quam
1150 2123 1297 2186 maxima
1328 2124 1399 2185 eius

203 2242 305 2325 culpa
340 2243 526 2319 videretur,
563 2263 625 2306 nec
658 2243 795 2306 frustra:
832 2245 922 2306 iussu
953 2243 1045 2305 enim
1077 2242 1205 2305 Vitellii
1239 2243 1398 2305 miserum

202 2361 378 2426 hominem
402 2361 629 2426 intersectum.

249 2482 316 2545 Hic
341 2503 383 2546 ne
407 2485 522 2547 omnia
546 2505 565 2546 a
589 2483 711 2546 Tacito
735 2482 875 2545 confusa
899 2491 934 2544 et
957 2481 992 2544 τὸ
1013 2478 1136 2559 ὕστερον
1157 2478 1299 2558 πρότερον
1321 2501 1398 2564 pro·

204 2603 354 2684 positum
389 2611 588 2677 statuamus,
625 2602 805 2665 verborum
846 2622 973 2682 „seram
1010 2602 1145 2664 veniam
1181 2609 1258 2682 post
1289 2600 1398 2663 scelus

204 2721 395 2802 quaesivit”
430 2722 517 2785 hanc
550 2742 625 2785 esse
661 2722 866 2784 sententiam
901 2720 1104 2785 sumendum
1139 2730 1201 2796 est,
1231 2720 1397 2783 eiusmodi

204 2840 356 2915 crimina,
387 2843 542 2923 quamvis
573 2841 707 2904 infirmo
733 2841 919 2903 niterentur
943 2840 1176 2916 fundamento,
1200 2851 1315 2904 tamen
1340 2840 1398 2903 illo

204 2966 359 3041 tempore
380 2981 438 3022 reo
458 2980 593 3042 semper
613 2968 747 3043 certam¹
761 2959 913 3022 attulisse
934 2960 1129 3042 perniciem.
1151 2961 1262 3023 Multo
1281 2969 1397 3023 tamen

204 3078 325 3141 melius
354 3079 587 3142 cohaerebunt
619 3080 743 3154 omnia,
769 3080 944 3160 multoque
969 3079 1087 3142 melius
1111 3080 1193 3160 quid
1217 3079 1281 3141 sibi
1306 3080 1395 3141 istud

202 3216 314 3259 seram
349 3197 432 3258 velit
467 3197 709 3279 intelligemus,
745 3199 772 3258 si
808 3206 886 3279 post
920 3209 1121 3261 cunctantem
1157 3199 1396 3260 inseruerimus

202 3318 287 3380 enim
305 3313 337 3398 ¹),
372 3325 410 3378 ut
445 3316 501 3379 illa
535 3316 730 3379 coniunctio
763 3317 842 3378 inde
874 3336 893 3378 a
924 3335 1007 3378 voce
1038 3328 1238 3379 cmtctantem
1271 3318 1395 3379 narrari

203 3437 378 3516 quomodo
410 3444 520 3498 totum
552 3435 634 3498 illud
666 3436 710 3497 sit
734 3443 910 3517 peractum
935 3434 1107 3515 negotium
1132 3434 1260 3496 indicet
1284 3433 1395 3515 (Enim

204 3554 317 3637 Be1g.:
346 3553 570 3636 ,namelijk”).

249 3776 293 3839 H.
320 3776 363 3851 11,
388 3778 441 3855 64.
466 3776 647 3859 Egregiam
672 3784 707 3839 et
731 3776 861 3857 antiqui
887 3775 988 3838 moris
1009 3774 1169 3838 seminam
1193 3775 1291 3838 luisse
1314 3775 1395 3841 Sex·

202 3895 311 3958 tiliam
335 3895 467 3958 Vitellii
492 3904 634 3958 matrem
659 3895 780 3976 insigni
806 3894 969 3976 probatur
993 3894 1162 3976 exemplo
1188 3893 1364 3976 Sequitur:

251 4014 345 4093 ,Nec
377 4014 451 4075 ullis
483 4023 601 4095 postea
634 4012 787 4076 fortunae
819 4011 985 4073 illecebris
1009 4022 1067 4073 aut
1092 4012 1222 4074 ambitu
1248 4014 1395 4076 civitatis

202 4133 236 4195 in
261 4133 422 4215 gaudium
449 4134 559 4194 evicta
582 4134 702 4195 domus
725 4151 804 4193 suae
829 4139 961 4193 tantum
986 4131 1128 4193 adversa
1152 4130 1290 4193 sensit.'’

241 4330 267 4393 1)
293 4330 323 4378 In
348 4329 439 4376 codice
464 4328 531 4376 inter
555 4335 717 4375 retrectantem
742 4333 768 4375 et
792 4334 875 4389 supra
900 4324 963 4372 salis
989 4332 1028 4372 est
1047 4324 1126 4388 spatii
1145 4325 1303 4389 compendio
1323 4328 1396 4377 vocis

201 4415 279 4473 enim,
298 4423 324 4463 et
342 4414 434 4462 liturae
453 4413 495 4461 hic
514 4423 553 4461 est
572 4413 695 4476 suspicio.
