<?xml version="1.0" encoding="UTF-8"?>
<!DOCTYPE html PUBLIC "-//W3C//DTD XHTML 1.0 Transitional//EN"
    "http://www.w3.org/TR/xhtml1/DTD/xhtml1-transitional.dtd">
<html xmlns="http://www.w3.org/1999/xhtml" xml:lang="en" lang="en">
 <head>
  <title>
</title>
<meta http-equiv="Content-Type" content="text/html;charset=utf-8" />
  <meta name='ocr-system' content='tesseract 3.04.00' />
  <meta name='ocr-capabilities' content='ocr_page ocr_carea ocr_par ocr_line ocrx_word'/>
</head>
<body>
  <div class='ocr_page' id='page_1' title='image "./analectatacitea00hartgoog_0244.png"; bbox 0 0 3210 5274; ppageno 0'>
   <div class='ocr_carea' id='block_1_1' title="bbox 769 392 837 458">
    <p class='ocr_par' dir='ltr' id='par_1_1' title="bbox 769 392 837 458">
     <span class='ocr_line' id='line_1_1' title="bbox 769 392 837 458; baseline -0.015 0"><span class='ocrx_word' id='word_1_1' title='bbox 769 392 837 458; x_wconf 78' lang='lat'>233</span> 
     </span>
    </p>
   </div>
   <div class='ocr_carea' id='block_1_2' title="bbox 200 555 1404 3029">
    <p class='ocr_par' dir='ltr' id='par_1_2' title="bbox 200 555 1400 1837">
     <span class='ocr_line' id='line_1_2' title="bbox 246 555 1398 643; baseline -0.003 -23"><span class='ocrx_word' id='word_1_2' title='bbox 246 555 359 621; x_wconf 89' lang='lat' dir='ltr'>Sicine</span> <span class='ocrx_word' id='word_1_3' title='bbox 379 577 399 619; x_wconf 93' lang='lat' dir='ltr'>a</span> <span class='ocrx_word' id='word_1_4' title='bbox 420 556 542 643; x_wconf 85' lang='lat' dir='ltr'>Tacito</span> <span class='ocrx_word' id='word_1_5' title='bbox 563 558 727 639; x_wconf 87' lang='lat' dir='ltr'>scriptum</span> <span class='ocrx_word' id='word_1_6' title='bbox 742 566 919 639; x_wconf 86' lang='lat' dir='ltr'>putemus:</span> <span class='ocrx_word' id='word_1_7' title='bbox 937 558 1003 620; x_wconf 87' lang='lat' dir='ltr'>“ita</span> <span class='ocrx_word' id='word_1_8' title='bbox 1016 557 1288 638; x_wconf 87' lang='lat' dir='ltr'>quattuordecim</span> <span class='ocrx_word' id='word_1_9' title='bbox 1303 555 1398 618; x_wconf 90' lang='lat' dir='ltr'>annis</span> 
     </span>
     <span class='ocr_line' id='line_1_3' title="bbox 200 674 1399 740; baseline -0.003 0"><span class='ocrx_word' id='word_1_10' title='bbox 200 697 221 740; x_wconf 88' lang='lat' dir='ltr'>a</span> <span class='ocrx_word' id='word_1_11' title='bbox 254 676 391 740; x_wconf 86' lang='lat' dir='ltr'>Nerone</span> <span class='ocrx_word' id='word_1_12' title='bbox 420 674 671 739; x_wconf 78' lang='lat' dir='ltr'>assuefactos&#39;’?</span> <span class='ocrx_word' id='word_1_13' title='bbox 697 677 781 739; x_wconf 90' lang='lat' dir='ltr'>Mihi</span> <span class='ocrx_word' id='word_1_14' title='bbox 806 686 864 740; x_wconf 93' lang='lat' dir='ltr'>aut</span> <span class='ocrx_word' id='word_1_15' title='bbox 888 677 1129 740; x_wconf 89' lang='lat' dir='ltr'>absurdissima</span> <span class='ocrx_word' id='word_1_16' title='bbox 1153 677 1217 739; x_wconf 90' lang='lat' dir='ltr'>ista</span> <span class='ocrx_word' id='word_1_17' title='bbox 1241 676 1399 738; x_wconf 89' lang='lat' dir='ltr'>videntur</span> 
     </span>
     <span class='ocr_line' id='line_1_4' title="bbox 201 797 1398 880; baseline -0.003 -20"><span class='ocrx_word' id='word_1_18' title='bbox 201 806 261 860; x_wconf 88' lang='lat' dir='ltr'>aut</span> <span class='ocrx_word' id='word_1_19' title='bbox 294 799 410 880; x_wconf 90' lang='lat' dir='ltr'>inepte</span> <span class='ocrx_word' id='word_1_20' title='bbox 443 797 598 859; x_wconf 89' lang='lat' dir='ltr'>verbosa.</span> <span class='ocrx_word' id='word_1_21' title='bbox 629 797 766 859; x_wconf 88' lang='lat' dir='ltr'><strong>Etenim</strong></span> <span class='ocrx_word' id='word_1_22' title='bbox 792 806 851 860; x_wconf 90' lang='lat' dir='ltr'>aut</span> <span class='ocrx_word' id='word_1_23' title='bbox 874 798 925 860; x_wconf 91' lang='lat' dir='ltr'>bis</span> <span class='ocrx_word' id='word_1_24' title='bbox 946 798 999 860; x_wconf 91' lang='lat' dir='ltr'>hic</span> <span class='ocrx_word' id='word_1_25' title='bbox 1025 798 1115 859; x_wconf 89' lang='lat' dir='ltr'>idem</span> <span class='ocrx_word' id='word_1_26' title='bbox 1140 797 1304 879; x_wconf 87' lang='lat' dir='ltr'>temporis</span> <span class='ocrx_word' id='word_1_27' title='bbox 1324 816 1398 877; x_wconf 93' lang='lat' dir='ltr'>spa-</span> 
     </span>
     <span class='ocr_line' id='line_1_5' title="bbox 201 917 1397 1000; baseline -0.001 -20"><span class='ocrx_word' id='word_1_28' title='bbox 201 919 287 980; x_wconf 93' lang='lat' dir='ltr'>tium</span> <span class='ocrx_word' id='word_1_29' title='bbox 324 917 504 992; x_wconf 87' lang='lat' dir='ltr'>indicatur,</span> <span class='ocrx_word' id='word_1_30' title='bbox 539 926 607 992; x_wconf 89' lang='lat' dir='ltr'>aut,</span> <span class='ocrx_word' id='word_1_31' title='bbox 640 918 726 980; x_wconf 89' lang='lat' dir='ltr'>siin</span> <span class='ocrx_word' id='word_1_32' title='bbox 754 917 865 980; x_wconf 91' lang='lat' dir='ltr'>verbis</span> <span class='ocrx_word' id='word_1_33' title='bbox 888 940 909 980; x_wconf 89' lang='lat' dir='ltr'><em>a</em></span> <span class='ocrx_word' id='word_1_34' title='bbox 934 918 1066 981; x_wconf 81' lang='lat' dir='ltr'><em>Nerone</em></span> <span class='ocrx_word' id='word_1_35' title='bbox 1089 918 1275 1000; x_wconf 86' lang='lat' dir='ltr'>quidquam</span> <span class='ocrx_word' id='word_1_36' title='bbox 1300 917 1397 991; x_wconf 90' lang='lat' dir='ltr'>inest,</span> 
     </span>
     <span class='ocr_line' id='line_1_6' title="bbox 203 1036 1400 1119; baseline -0.001 -20"><span class='ocrx_word' id='word_1_37' title='bbox 203 1037 297 1119; x_wconf 94' lang='lat' dir='ltr'>quod</span> <span class='ocrx_word' id='word_1_38' title='bbox 327 1037 461 1099; x_wconf 89' lang='lat' dir='ltr'>nonsit</span> <span class='ocrx_word' id='word_1_39' title='bbox 486 1037 519 1098; x_wconf 93' lang='lat' dir='ltr'>in</span> <span class='ocrx_word' id='word_1_40' title='bbox 546 1036 659 1099; x_wconf 90' lang='lat' dir='ltr'>verbis</span> <span class='ocrx_word' id='word_1_41' title='bbox 682 1038 942 1117; x_wconf 82' lang='lat' dir='ltr'>quattuordecim</span> <span class='ocrx_word' id='word_1_42' title='bbox 962 1039 1069 1111; x_wconf 83' lang='lat' dir='ltr'>annis,</span> <span class='ocrx_word' id='word_1_43' title='bbox 1095 1037 1198 1099; x_wconf 92' lang='lat' dir='ltr'>homo</span> <span class='ocrx_word' id='word_1_44' title='bbox 1222 1036 1276 1099; x_wconf 92' lang='lat' dir='ltr'>hic</span> <span class='ocrx_word' id='word_1_45' title='bbox 1302 1036 1400 1099; x_wconf 92' lang='lat' dir='ltr'>nobis</span> 
     </span>
     <span class='ocr_line' id='line_1_7' title="bbox 204 1156 1399 1238; baseline -0.001 -18"><span class='ocrx_word' id='word_1_46' title='bbox 204 1156 407 1220; x_wconf 87' lang='lat' dir='ltr'>describitur</span> <span class='ocrx_word' id='word_1_47' title='bbox 438 1157 512 1238; x_wconf 94' lang='lat' dir='ltr'>ipso</span> <span class='ocrx_word' id='word_1_48' title='bbox 545 1156 683 1220; x_wconf 90' lang='lat' dir='ltr'>Nerone</span> <span class='ocrx_word' id='word_1_49' title='bbox 715 1157 822 1219; x_wconf 92' lang='lat' dir='ltr'>multo</span> <span class='ocrx_word' id='word_1_50' title='bbox 854 1158 1011 1220; x_wconf 90' lang='lat' dir='ltr'>insanior.</span> <span class='ocrx_word' id='word_1_51' title='bbox 1043 1156 1131 1219; x_wconf 88' lang='lat' dir='ltr'>Tum</span> <span class='ocrx_word' id='word_1_52' title='bbox 1164 1156 1301 1219; x_wconf 93' lang='lat' dir='ltr'>demum</span> <span class='ocrx_word' id='word_1_53' title='bbox 1333 1156 1399 1219; x_wconf 77' lang='lat' dir='ltr'>“ita</span> 
     </span>
     <span class='ocr_line' id='line_1_8' title="bbox 202 1276 1398 1358; baseline -0.001 -18"><span class='ocrx_word' id='word_1_54' title='bbox 202 1277 477 1358; x_wconf 90' lang='lat' dir='ltr'>quattuordecim</span> <span class='ocrx_word' id='word_1_55' title='bbox 510 1278 607 1339; x_wconf 91' lang='lat' dir='ltr'>annis</span> <span class='ocrx_word' id='word_1_56' title='bbox 638 1298 658 1339; x_wconf 95' lang='lat' dir='ltr'>a</span> <span class='ocrx_word' id='word_1_57' title='bbox 688 1276 826 1339; x_wconf 88' lang='lat' dir='ltr'>Nerone</span> <span class='ocrx_word' id='word_1_58' title='bbox 857 1277 1085 1340; x_wconf 78' lang='lat' dir='ltr'>assuefactos”</span> <span class='ocrx_word' id='word_1_59' title='bbox 1117 1284 1208 1340; x_wconf 90' lang='lat' dir='ltr'>recte</span> <span class='ocrx_word' id='word_1_60' title='bbox 1232 1276 1347 1350; x_wconf 88' lang='lat' dir='ltr'>habet,</span> <span class='ocrx_word' id='word_1_61' title='bbox 1371 1276 1398 1339; x_wconf 92' lang='lat' dir='ltr'>si</span> 
     </span>
     <span class='ocr_line' id='line_1_9' title="bbox 205 1396 1398 1479; baseline 0.003 -21"><span class='ocrx_word' id='word_1_62' title='bbox 205 1396 379 1459; x_wconf 91' lang='lat' dir='ltr'>Neronem</span> <span class='ocrx_word' id='word_1_63' title='bbox 405 1396 564 1478; x_wconf 85' lang='lat' dir='ltr'>fingimus</span> <span class='ocrx_word' id='word_1_64' title='bbox 587 1418 648 1479; x_wconf 91' lang='lat' dir='ltr'>per</span> <span class='ocrx_word' id='word_1_65' title='bbox 671 1398 945 1479; x_wconf 92' lang='lat' dir='ltr'>quattuordecim</span> <span class='ocrx_word' id='word_1_66' title='bbox 969 1416 1077 1460; x_wconf 93' lang='lat' dir='ltr'>annos</span> <span class='ocrx_word' id='word_1_67' title='bbox 1096 1397 1173 1460; x_wconf 82' lang='lat' dir='ltr'>huic</span> <span class='ocrx_word' id='word_1_68' title='bbox 1195 1397 1248 1460; x_wconf 82' lang='lat' dir='ltr'>rei</span> <span class='ocrx_word' id='word_1_69' title='bbox 1265 1407 1398 1477; x_wconf 83' lang='lat' dir='ltr'>operam</span> 
     </span>
     <span class='ocr_line' id='line_1_10' title="bbox 204 1515 1399 1599; baseline 0.001 -21"><span class='ocrx_word' id='word_1_70' title='bbox 204 1517 330 1579; x_wconf 84' lang='lat' dir='ltr'>dedisse</span> <span class='ocrx_word' id='word_1_71' title='bbox 365 1525 402 1579; x_wconf 92' lang='lat' dir='ltr'>ut</span> <span class='ocrx_word' id='word_1_72' title='bbox 437 1518 541 1579; x_wconf 91' lang='lat' dir='ltr'>animi</span> <span class='ocrx_word' id='word_1_73' title='bbox 578 1517 722 1579; x_wconf 92' lang='lat' dir='ltr'>militum</span> <span class='ocrx_word' id='word_1_74' title='bbox 758 1526 1064 1599; x_wconf 86' lang='lat' dir='ltr'>corrumperentur.</span> <span class='ocrx_word' id='word_1_75' title='bbox 1100 1515 1201 1598; x_wconf 86' lang='lat' dir='ltr'>Quod</span> <span class='ocrx_word' id='word_1_76' title='bbox 1237 1518 1399 1598; x_wconf 91' lang='lat' dir='ltr'>quoniam</span> 
     </span>
     <span class='ocr_line' id='line_1_11' title="bbox 205 1635 1399 1712; baseline 0.002 -14"><span class='ocrx_word' id='word_1_77' title='bbox 205 1654 273 1698; x_wconf 93' lang='lat' dir='ltr'>non</span> <span class='ocrx_word' id='word_1_78' title='bbox 295 1636 441 1699; x_wconf 87' lang='lat' dir='ltr'>voluisse</span> <span class='ocrx_word' id='word_1_79' title='bbox 462 1635 620 1699; x_wconf 88' lang='lat' dir='ltr'>Tacitum</span> <span class='ocrx_word' id='word_1_80' title='bbox 638 1645 782 1712; x_wconf 87' lang='lat' dir='ltr'>constat,</span> <span class='ocrx_word' id='word_1_81' title='bbox 800 1637 890 1700; x_wconf 90' lang='lat' dir='ltr'>istud</span> <span class='ocrx_word' id='word_1_82' title='bbox 904 1658 925 1699; x_wconf 87' lang='lat' dir='ltr'><em>a</em></span> <span class='ocrx_word' id='word_1_83' title='bbox 938 1636 1070 1700; x_wconf 81' lang='lat' dir='ltr'>Nerone</span> <span class='ocrx_word' id='word_1_84' title='bbox 1081 1636 1187 1700; x_wconf 91' lang='lat' dir='ltr'>sciolo</span> <span class='ocrx_word' id='word_1_85' title='bbox 1201 1636 1399 1700; x_wconf 86' lang='lat' dir='ltr'>reddemus:</span> 
     </span>
     <span class='ocr_line' id='line_1_12' title="bbox 203 1754 869 1837; baseline 0.003 -19"><span class='ocrx_word' id='word_1_86' title='bbox 203 1754 297 1837; x_wconf 93' lang='lat' dir='ltr'>quod</span> <span class='ocrx_word' id='word_1_87' title='bbox 323 1756 464 1819; x_wconf 87' lang='lat' dir='ltr'>restabit</span> <span class='ocrx_word' id='word_1_88' title='bbox 489 1764 567 1818; x_wconf 79' lang='lat' dir='ltr'>vere</span> <span class='ocrx_word' id='word_1_89' title='bbox 592 1756 771 1820; x_wconf 88' lang='lat' dir='ltr'>Taciteum</span> <span class='ocrx_word' id='word_1_90' title='bbox 794 1759 869 1820; x_wconf 90' lang='lat' dir='ltr'>erit.</span> 
     </span>
    </p>

    <p class='ocr_par' dir='ltr' id='par_1_3' title="bbox 204 1874 1401 2178">
     <span class='ocr_line' id='line_1_13' title="bbox 249 1874 1401 1959; baseline 0 -21"><span class='ocrx_word' id='word_1_91' title='bbox 249 1875 294 1938; x_wconf 91' lang='lat' dir='ltr'>H.</span> <span class='ocrx_word' id='word_1_92' title='bbox 327 1874 353 1951; x_wconf 91' lang='lat'>1,</span> <span class='ocrx_word' id='word_1_93' title='bbox 386 1892 438 1955; x_wconf 85' lang='lat'>30.</span> <span class='ocrx_word' id='word_1_94' title='bbox 470 1874 665 1950; x_wconf 86' lang='lat' dir='ltr'>Cohortem,</span> <span class='ocrx_word' id='word_1_95' title='bbox 698 1897 786 1958; x_wconf 92' lang='lat' dir='ltr'>quae</span> <span class='ocrx_word' id='word_1_96' title='bbox 818 1878 851 1939; x_wconf 92' lang='lat' dir='ltr'>in</span> <span class='ocrx_word' id='word_1_97' title='bbox 883 1876 1014 1939; x_wconf 83' lang='lat' dir='ltr'>Palatio</span> <span class='ocrx_word' id='word_1_98' title='bbox 1044 1877 1227 1939; x_wconf 87' lang='lat' dir='ltr'>stationem</span> <span class='ocrx_word' id='word_1_99' title='bbox 1258 1877 1338 1959; x_wconf 84' lang='lat' dir='ltr'>agit,</span> <span class='ocrx_word' id='word_1_100' title='bbox 1363 1885 1401 1939; x_wconf 91' lang='lat' dir='ltr'>ut</span> 
     </span>
     <span class='ocr_line' id='line_1_14' title="bbox 204 1994 1401 2078; baseline 0 -21"><span class='ocrx_word' id='word_1_101' title='bbox 204 1995 285 2058; x_wconf 93' lang='lat' dir='ltr'>odio</span> <span class='ocrx_word' id='word_1_102' title='bbox 309 2003 579 2077; x_wconf 90' lang='lat' dir='ltr'>contemptuque</span> <span class='ocrx_word' id='word_1_103' title='bbox 604 1994 751 2059; x_wconf 90' lang='lat' dir='ltr'>Othonis</span> <span class='ocrx_word' id='word_1_104' title='bbox 775 1996 926 2078; x_wconf 91' lang='lat' dir='ltr'>impleat,</span> <span class='ocrx_word' id='word_1_105' title='bbox 947 2004 981 2058; x_wconf 91' lang='lat' dir='ltr'>et</span> <span class='ocrx_word' id='word_1_106' title='bbox 1001 1995 1074 2058; x_wconf 90' lang='lat' dir='ltr'>aliis</span> <span class='ocrx_word' id='word_1_107' title='bbox 1094 1994 1276 2077; x_wconf 88' lang='lat' dir='ltr'>alloquitur</span> <span class='ocrx_word' id='word_1_108' title='bbox 1289 1995 1401 2057; x_wconf 88' lang='lat' dir='ltr'>verbis</span> 
     </span>
     <span class='ocr_line' id='line_1_15' title="bbox 205 2114 476 2178; baseline -0.004 0"><span class='ocrx_word' id='word_1_109' title='bbox 205 2124 239 2178; x_wconf 92' lang='lat' dir='ltr'>et</span> <span class='ocrx_word' id='word_1_110' title='bbox 263 2115 356 2178; x_wconf 91' lang='lat' dir='ltr'>hisce</span> <span class='ocrx_word' id='word_1_111' title='bbox 381 2114 476 2177; x_wconf 87' lang='lat' dir='ltr'>Piso:</span> 
     </span>
    </p>

    <p class='ocr_par' dir='ltr' id='par_1_4' title="bbox 209 2233 1403 2558">
     <span class='ocr_line' id='line_1_16' title="bbox 255 2233 1400 2318; baseline -0.002 -19"><span class='ocrx_word' id='word_1_112' title='bbox 255 2233 402 2318; x_wconf 82' lang='lat' dir='ltr'>‘Stupra</span> <span class='ocrx_word' id='word_1_113' title='bbox 425 2255 516 2298; x_wconf 90' lang='lat' dir='ltr'>nunc</span> <span class='ocrx_word' id='word_1_114' title='bbox 540 2244 574 2298; x_wconf 94' lang='lat' dir='ltr'>et</span> <span class='ocrx_word' id='word_1_115' title='bbox 597 2236 854 2298; x_wconf 85' lang='lat' dir='ltr'>comissationes</span> <span class='ocrx_word' id='word_1_116' title='bbox 877 2244 912 2298; x_wconf 91' lang='lat' dir='ltr'>et</span> <span class='ocrx_word' id='word_1_117' title='bbox 936 2234 1136 2298; x_wconf 84' lang='lat' dir='ltr'>feminarum</span> <span class='ocrx_word' id='word_1_118' title='bbox 1156 2244 1274 2298; x_wconf 90' lang='lat' dir='ltr'>coetus</span> <span class='ocrx_word' id='word_1_119' title='bbox 1293 2234 1400 2298; x_wconf 86' lang='lat' dir='ltr'>volvit</span> 
     </span>
     <span class='ocr_line' id='line_1_17' title="bbox 209 2354 1403 2438; baseline -0.001 -20"><span class='ocrx_word' id='word_1_120' title='bbox 209 2356 341 2418; x_wconf 90' lang='lat' dir='ltr'>animo:</span> <span class='ocrx_word' id='word_1_121' title='bbox 375 2356 458 2417; x_wconf 93' lang='lat' dir='ltr'>haec</span> <span class='ocrx_word' id='word_1_122' title='bbox 490 2356 701 2438; x_wconf 86' lang='lat' dir='ltr'>principatus</span> <span class='ocrx_word' id='word_1_123' title='bbox 731 2356 882 2437; x_wconf 89' lang='lat' dir='ltr'>praemia</span> <span class='ocrx_word' id='word_1_124' title='bbox 914 2363 1021 2436; x_wconf 88' lang='lat' dir='ltr'>putat,</span> <span class='ocrx_word' id='word_1_125' title='bbox 1054 2375 1197 2437; x_wconf 90' lang='lat' dir='ltr'>quorum</span> <span class='ocrx_word' id='word_1_126' title='bbox 1230 2354 1336 2417; x_wconf 92' lang='lat' dir='ltr'>libido</span> <span class='ocrx_word' id='word_1_127' title='bbox 1364 2374 1403 2417; x_wconf 94' lang='lat' dir='ltr'>ac</span> 
     </span>
     <span class='ocr_line' id='line_1_18' title="bbox 209 2473 1370 2558; baseline -0.001 -21"><span class='ocrx_word' id='word_1_128' title='bbox 209 2475 368 2557; x_wconf 87' lang='lat' dir='ltr'>voluptas</span> <span class='ocrx_word' id='word_1_129' title='bbox 393 2495 499 2557; x_wconf 89' lang='lat' dir='ltr'>penes</span> <span class='ocrx_word' id='word_1_130' title='bbox 523 2477 633 2558; x_wconf 92' lang='lat' dir='ltr'>ipsum</span> <span class='ocrx_word' id='word_1_131' title='bbox 653 2476 707 2550; x_wconf 90' lang='lat' dir='ltr'>sit,</span> <span class='ocrx_word' id='word_1_132' title='bbox 732 2475 834 2538; x_wconf 90' lang='lat' dir='ltr'>rubor</span> <span class='ocrx_word' id='word_1_133' title='bbox 858 2484 893 2538; x_wconf 88' lang='lat' dir='ltr'>et</span> <span class='ocrx_word' id='word_1_134' title='bbox 917 2476 1066 2539; x_wconf 90' lang='lat' dir='ltr'>dedecus</span> <span class='ocrx_word' id='word_1_135' title='bbox 1090 2495 1195 2557; x_wconf 89' lang='lat' dir='ltr'>penes</span> <span class='ocrx_word' id='word_1_136' title='bbox 1218 2473 1370 2537; x_wconf 82' lang='lat' dir='ltr'>omnes.&#39;&#39;</span> 
     </span>
    </p>

    <p class='ocr_par' dir='ltr' id='par_1_5' title="bbox 207 2594 1404 3029">
     <span class='ocr_line' id='line_1_19' title="bbox 252 2594 1403 2679; baseline 0.002 -23"><span class='ocrx_word' id='word_1_137' title='bbox 252 2594 446 2657; x_wconf 88' lang='lat' dir='ltr'>Pronomen</span> <span class='ocrx_word' id='word_1_138' title='bbox 473 2595 552 2657; x_wconf 86' lang='lat' dir='ltr'>leaec</span> <span class='ocrx_word' id='word_1_139' title='bbox 575 2605 633 2657; x_wconf 93' lang='lat' dir='ltr'>aut</span> <span class='ocrx_word' id='word_1_140' title='bbox 656 2595 699 2657; x_wconf 94' lang='lat' dir='ltr'>ad</span> <span class='ocrx_word' id='word_1_141' title='bbox 725 2595 1129 2679; x_wconf 75' lang='lat' dir='ltr'>praecedentialstupra,</span> <span class='ocrx_word' id='word_1_142' title='bbox 1153 2596 1403 2669; x_wconf 67' lang='lat' dir='ltr'>comissationes,</span> 
     </span>
     <span class='ocr_line' id='line_1_20' title="bbox 207 2712 1404 2796; baseline 0.002 -21"><span class='ocrx_word' id='word_1_143' title='bbox 207 2714 323 2794; x_wconf 84' lang='lat' dir='ltr'>coetus)</span> <span class='ocrx_word' id='word_1_144' title='bbox 348 2712 463 2776; x_wconf 79' lang='lat' dir='ltr'>referri</span> <span class='ocrx_word' id='word_1_145' title='bbox 488 2722 613 2796; x_wconf 89' lang='lat' dir='ltr'>potest,</span> <span class='ocrx_word' id='word_1_146' title='bbox 636 2722 695 2776; x_wconf 88' lang='lat' dir='ltr'>aut</span> <span class='ocrx_word' id='word_1_147' title='bbox 718 2749 762 2759; x_wconf 95' lang='lat'>—</span> <span class='ocrx_word' id='word_1_148' title='bbox 787 2722 821 2776; x_wconf 93' lang='lat' dir='ltr'>et</span> <span class='ocrx_word' id='word_1_149' title='bbox 846 2715 893 2777; x_wconf 94' lang='lat' dir='ltr'>sic</span> <span class='ocrx_word' id='word_1_150' title='bbox 915 2714 996 2777; x_wconf 91' lang='lat' dir='ltr'>mihi</span> <span class='ocrx_word' id='word_1_151' title='bbox 1017 2716 1155 2796; x_wconf 90' lang='lat' dir='ltr'>quidem</span> <span class='ocrx_word' id='word_1_152' title='bbox 1179 2723 1254 2777; x_wconf 89' lang='lat' dir='ltr'>tota</span> <span class='ocrx_word' id='word_1_153' title='bbox 1273 2715 1404 2777; x_wconf 86' lang='lat' dir='ltr'>Pisonis</span> 
     </span>
     <span class='ocr_line' id='line_1_21' title="bbox 207 2835 1403 2918; baseline 0.003 -23"><span class='ocrx_word' id='word_1_154' title='bbox 207 2835 315 2896; x_wconf 84' lang='lat' dir='ltr'>oratio</span> <span class='ocrx_word' id='word_1_155' title='bbox 336 2835 472 2914; x_wconf 82' lang='lat' dir='ltr'>gravior</span> <span class='ocrx_word' id='word_1_156' title='bbox 492 2835 783 2918; x_wconf 89' lang='lat' dir='ltr'>ponderosiorque</span> <span class='ocrx_word' id='word_1_157' title='bbox 804 2835 875 2898; x_wconf 89' lang='lat' dir='ltr'>fieri</span> <span class='ocrx_word' id='word_1_158' title='bbox 892 2836 1027 2899; x_wconf 88' lang='lat' dir='ltr'>videtur</span> <span class='ocrx_word' id='word_1_159' title='bbox 1039 2872 1082 2881; x_wconf 95' lang='lat'>—</span> <span class='ocrx_word' id='word_1_160' title='bbox 1095 2855 1184 2898; x_wconf 88' lang='lat' dir='ltr'>nova</span> <span class='ocrx_word' id='word_1_161' title='bbox 1196 2835 1275 2899; x_wconf 92' lang='lat' dir='ltr'>hinc</span> <span class='ocrx_word' id='word_1_162' title='bbox 1288 2844 1403 2918; x_wconf 90' lang='lat' dir='ltr'>potest</span> 
     </span>
     <span class='ocr_line' id='line_1_22' title="bbox 208 2952 1402 3029; baseline 0.003 -16"><span class='ocrx_word' id='word_1_163' title='bbox 208 2952 358 3016; x_wconf 89' lang='lat' dir='ltr'>inchoari</span> <span class='ocrx_word' id='word_1_164' title='bbox 378 2955 558 3017; x_wconf 91' lang='lat' dir='ltr'>sententia.</span> <span class='ocrx_word' id='word_1_165' title='bbox 577 2953 644 3019; x_wconf 88' lang='lat' dir='ltr'>Sed</span> <span class='ocrx_word' id='word_1_166' title='bbox 667 2956 738 3017; x_wconf 87' lang='lat' dir='ltr'>sive</span> <span class='ocrx_word' id='word_1_167' title='bbox 758 2954 833 3028; x_wconf 91' lang='lat' dir='ltr'>hoc,</span> <span class='ocrx_word' id='word_1_168' title='bbox 851 2955 922 3016; x_wconf 87' lang='lat' dir='ltr'>sive</span> <span class='ocrx_word' id='word_1_169' title='bbox 936 2954 1018 3017; x_wconf 90' lang='lat' dir='ltr'>illud</span> <span class='ocrx_word' id='word_1_170' title='bbox 1033 2955 1209 3029; x_wconf 87' lang='lat' dir='ltr'>malumus,</span> <span class='ocrx_word' id='word_1_171' title='bbox 1222 2954 1402 3018; x_wconf 90' lang='lat' dir='ltr'>molestum</span> 
     </span>
    </p>
   </div>
   <div class='ocr_carea' id='block_1_3' title="bbox 210 3073 1401 3160">
    <p class='ocr_par' dir='ltr' id='par_1_6' title="bbox 210 3073 1401 3160">
     <span class='ocr_line' id='line_1_23' title="bbox 210 3073 1401 3160; baseline 0.003 -28"><span class='ocrx_word' id='word_1_172' title='bbox 210 3073 307 3134; x_wconf 88' lang='lat' dir='ltr'>nobis</span> <span class='ocrx_word' id='word_1_173' title='bbox 338 3082 390 3135; x_wconf 90' lang='lat' dir='ltr'>est</span> <span class='ocrx_word' id='word_1_174' title='bbox 412 3075 467 3147; x_wconf 84' lang='lat' dir='ltr'>sit,</span> <span class='ocrx_word' id='word_1_175' title='bbox 493 3093 561 3155; x_wconf 90' lang='lat' dir='ltr'>quo</span> <span class='ocrx_word' id='word_1_176' title='bbox 585 3075 704 3135; x_wconf 90' lang='lat' dir='ltr'>vitium</span> <span class='ocrx_word' id='word_1_177' title='bbox 729 3075 763 3135; x_wconf 89' lang='lat' dir='ltr'>in</span> <span class='ocrx_word' id='word_1_178' title='bbox 788 3083 921 3136; x_wconf 89' lang='lat' dir='ltr'>textum</span> <span class='ocrx_word' id='word_1_179' title='bbox 946 3074 1172 3137; x_wconf 89' lang='lat' dir='ltr'>introducitur</span> <span class='ocrx_word' id='word_1_180' title='bbox 1195 3073 1401 3160; x_wconf 89' lang='lat' dir='ltr'>simillimum</span> 
     </span>
    </p>
   </div>
   <div class='ocr_carea' id='block_1_4' title="bbox 210 3192 1406 4473">
    <p class='ocr_par' dir='ltr' id='par_1_7' title="bbox 210 3192 1404 3974">
     <span class='ocr_line' id='line_1_24' title="bbox 211 3192 1403 3276; baseline 0.003 -23"><span class='ocrx_word' id='word_1_181' title='bbox 211 3192 250 3265; x_wconf 88' lang='lat' dir='ltr'>ei,</span> <span class='ocrx_word' id='word_1_182' title='bbox 275 3193 369 3273; x_wconf 91' lang='lat' dir='ltr'>quod</span> <span class='ocrx_word' id='word_1_183' title='bbox 390 3193 494 3254; x_wconf 92' lang='lat' dir='ltr'>modo</span> <span class='ocrx_word' id='word_1_184' title='bbox 516 3194 719 3255; x_wconf 87' lang='lat' dir='ltr'>notabamus</span> <span class='ocrx_word' id='word_1_185' title='bbox 739 3196 820 3272; x_wconf 81' lang='lat' dir='ltr'>(‚ita</span> <span class='ocrx_word' id='word_1_186' title='bbox 837 3194 1110 3276; x_wconf 87' lang='lat' dir='ltr'>quattuordecim</span> <span class='ocrx_word' id='word_1_187' title='bbox 1124 3194 1403 3257; x_wconf 89' lang='lat' dir='ltr'>annisaNerone</span> 
     </span>
     <span class='ocr_line' id='line_1_25' title="bbox 212 3311 1404 3395; baseline 0.002 -21"><span class='ocrx_word' id='word_1_188' title='bbox 212 3311 465 3394; x_wconf 84' lang='lat' dir='ltr'>assuefactos”).</span> <span class='ocrx_word' id='word_1_189' title='bbox 489 3313 638 3376; x_wconf 90' lang='lat' dir='ltr'>Videtur</span> <span class='ocrx_word' id='word_1_190' title='bbox 657 3315 747 3376; x_wconf 90' lang='lat' dir='ltr'>enim</span> <span class='ocrx_word' id='word_1_191' title='bbox 769 3313 862 3377; x_wconf 84' lang='lat' dir='ltr'>Otho</span> <span class='ocrx_word' id='word_1_192' title='bbox 883 3314 1066 3376; x_wconf 89' lang='lat' dir='ltr'>insimulari</span> <span class='ocrx_word' id='word_1_193' title='bbox 1080 3314 1172 3395; x_wconf 92' lang='lat' dir='ltr'>quod</span> <span class='ocrx_word' id='word_1_194' title='bbox 1184 3314 1404 3377; x_wconf 82' lang='lat' dir='ltr'>deindustria</span> 
     </span>
     <span class='ocr_line' id='line_1_26' title="bbox 212 3431 1404 3517; baseline 0.002 -24"><span class='ocrx_word' id='word_1_195' title='bbox 212 3431 304 3494; x_wconf 90' lang='lat' dir='ltr'>illum</span> <span class='ocrx_word' id='word_1_196' title='bbox 334 3432 487 3495; x_wconf 89' lang='lat' dir='ltr'>omnium</span> <span class='ocrx_word' id='word_1_197' title='bbox 518 3433 677 3494; x_wconf 91' lang='lat' dir='ltr'>ruborem</span> <span class='ocrx_word' id='word_1_198' title='bbox 706 3443 741 3494; x_wconf 93' lang='lat' dir='ltr'>et</span> <span class='ocrx_word' id='word_1_199' title='bbox 772 3431 853 3495; x_wconf 90' lang='lat' dir='ltr'>illud</span> <span class='ocrx_word' id='word_1_200' title='bbox 880 3435 1031 3497; x_wconf 92' lang='lat' dir='ltr'>omnium</span> <span class='ocrx_word' id='word_1_201' title='bbox 1055 3434 1205 3496; x_wconf 89' lang='lat' dir='ltr'>dedecus</span> <span class='ocrx_word' id='word_1_202' title='bbox 1229 3442 1404 3517; x_wconf 87' lang='lat' dir='ltr'>provocet.</span> 
     </span>
     <span class='ocr_line' id='line_1_27' title="bbox 212 3550 1404 3634; baseline 0.001 -20"><span class='ocrx_word' id='word_1_203' title='bbox 212 3550 260 3614; x_wconf 83' lang='lat' dir='ltr'>At</span> <span class='ocrx_word' id='word_1_204' title='bbox 284 3571 353 3613; x_wconf 89' lang='lat' dir='ltr'>non</span> <span class='ocrx_word' id='word_1_205' title='bbox 378 3550 460 3614; x_wconf 90' lang='lat' dir='ltr'>illud</span> <span class='ocrx_word' id='word_1_206' title='bbox 485 3550 557 3614; x_wconf 88' lang='lat' dir='ltr'>vult</span> <span class='ocrx_word' id='word_1_207' title='bbox 582 3552 659 3614; x_wconf 91' lang='lat' dir='ltr'>Piso</span> <span class='ocrx_word' id='word_1_208' title='bbox 682 3571 800 3614; x_wconf 86' lang='lat' dir='ltr'>verum</span> <span class='ocrx_word' id='word_1_209' title='bbox 820 3551 902 3614; x_wconf 89' lang='lat' dir='ltr'>hoc:</span> <span class='ocrx_word' id='word_1_210' title='bbox 928 3552 993 3630; x_wconf 85' lang='lat' dir='ltr'>¹‚nil</span> <span class='ocrx_word' id='word_1_211' title='bbox 1014 3554 1076 3614; x_wconf 89' lang='lat' dir='ltr'>nisi</span> <span class='ocrx_word' id='word_1_212' title='bbox 1097 3553 1291 3634; x_wconf 87' lang='lat' dir='ltr'>voluptates</span> <span class='ocrx_word' id='word_1_213' title='bbox 1310 3552 1404 3616; x_wconf 90' lang='lat' dir='ltr'>Otho</span> 
     </span>
     <span class='ocr_line' id='line_1_28' title="bbox 210 3670 1404 3752; baseline 0.002 -21"><span class='ocrx_word' id='word_1_214' title='bbox 210 3672 360 3752; x_wconf 85' lang='lat' dir='ltr'>appetit;</span> <span class='ocrx_word' id='word_1_215' title='bbox 390 3681 501 3734; x_wconf 91' lang='lat' dir='ltr'>utrum</span> <span class='ocrx_word' id='word_1_216' title='bbox 525 3671 689 3734; x_wconf 83' lang='lat' dir='ltr'>honestae</span> <span class='ocrx_word' id='word_1_217' title='bbox 713 3670 790 3733; x_wconf 83' lang='lat' dir='ltr'>illae</span> <span class='ocrx_word' id='word_1_218' title='bbox 813 3672 880 3734; x_wconf 91' lang='lat' dir='ltr'>sint</span> <span class='ocrx_word' id='word_1_219' title='bbox 903 3692 946 3734; x_wconf 93' lang='lat' dir='ltr'>an</span> <span class='ocrx_word' id='word_1_220' title='bbox 969 3681 1079 3733; x_wconf 85' lang='lat' dir='ltr'>totam</span> <span class='ocrx_word' id='word_1_221' title='bbox 1103 3673 1277 3734; x_wconf 82' lang='lat' dir='ltr'>civitatem</span> <span class='ocrx_word' id='word_1_222' title='bbox 1301 3673 1404 3733; x_wconf 91' lang='lat' dir='ltr'>dede·</span> 
     </span>
     <span class='ocr_line' id='line_1_29' title="bbox 210 3790 1403 3866; baseline 0.001 -15"><span class='ocrx_word' id='word_1_223' title='bbox 210 3810 287 3853; x_wconf 90' lang='lat' dir='ltr'>core</span> <span class='ocrx_word' id='word_1_224' title='bbox 311 3790 469 3865; x_wconf 87' lang='lat' dir='ltr'>afficiant,</span> <span class='ocrx_word' id='word_1_225' title='bbox 494 3793 529 3853; x_wconf 91' lang='lat' dir='ltr'>id</span> <span class='ocrx_word' id='word_1_226' title='bbox 554 3792 692 3853; x_wconf 86' lang='lat' dir='ltr'>minime</span> <span class='ocrx_word' id='word_1_227' title='bbox 716 3791 844 3854; x_wconf 86' lang='lat' dir='ltr'>curat.&#39;’</span> <span class='ocrx_word' id='word_1_228' title='bbox 869 3791 1082 3854; x_wconf 88' lang='lat' dir='ltr'>Habebimus</span> <span class='ocrx_word' id='word_1_229' title='bbox 1105 3792 1181 3866; x_wconf 89' lang='lat' dir='ltr'>hoc,</span> <span class='ocrx_word' id='word_1_230' title='bbox 1205 3794 1231 3854; x_wconf 89' lang='lat' dir='ltr'>si</span> <span class='ocrx_word' id='word_1_231' title='bbox 1250 3794 1296 3854; x_wconf 83' lang='lat' dir='ltr'>sit</span> <span class='ocrx_word' id='word_1_232' title='bbox 1313 3791 1403 3853; x_wconf 91' lang='lat' dir='ltr'>dele·</span> 
     </span>
     <span class='ocr_line' id='line_1_30' title="bbox 211 3913 369 3974; baseline 0 -2"><span class='ocrx_word' id='word_1_233' title='bbox 211 3913 369 3974; x_wconf 88' lang='lat' dir='ltr'>verimus.</span> 
     </span>
    </p>

    <p class='ocr_par' dir='ltr' id='par_1_8' title="bbox 214 4029 1406 4473">
     <span class='ocr_line' id='line_1_31' title="bbox 257 4029 1403 4112; baseline -0.003 -18"><span class='ocrx_word' id='word_1_234' title='bbox 257 4029 367 4112; x_wconf 86' lang='lat' dir='ltr'>Saepe</span> <span class='ocrx_word' id='word_1_235' title='bbox 398 4030 519 4092; x_wconf 78' lang='lat' dir='ltr'>vocula</span> <span class='ocrx_word' id='word_1_236' title='bbox 548 4043 581 4093; x_wconf 84' lang='lat' dir='ltr'>et</span> <span class='ocrx_word' id='word_1_237' title='bbox 603 4031 712 4092; x_wconf 87' lang='lat' dir='ltr'>invito</span> <span class='ocrx_word' id='word_1_238' title='bbox 732 4030 854 4092; x_wconf 85' lang='lat' dir='ltr'>Tacito</span> <span class='ocrx_word' id='word_1_239' title='bbox 873 4031 1077 4093; x_wconf 88' lang='lat' dir='ltr'>obtruditur.</span> <span class='ocrx_word' id='word_1_240' title='bbox 1103 4031 1255 4093; x_wconf 85' lang='lat' dir='ltr'>Possitne</span> <span class='ocrx_word' id='word_1_241' title='bbox 1278 4032 1403 4092; x_wconf 68' lang='lat' dir='ltr'>serrari</span> 
     </span>
     <span class='ocr_line' id='line_1_32' title="bbox 214 4150 1406 4233; baseline 0.002 -23"><span class='ocrx_word' id='word_1_242' title='bbox 214 4150 246 4212; x_wconf 93' lang='lat' dir='ltr'>in</span> <span class='ocrx_word' id='word_1_243' title='bbox 279 4150 331 4213; x_wconf 83' lang='lat' dir='ltr'>his</span> <span class='ocrx_word' id='word_1_244' title='bbox 362 4151 387 4223; x_wconf 93' lang='lat' dir='ltr'>I,</span> <span class='ocrx_word' id='word_1_245' title='bbox 416 4169 477 4232; x_wconf 83' lang='lat'>73:</span> <span class='ocrx_word' id='word_1_246' title='bbox 514 4151 749 4233; x_wconf 82' lang='lat' dir='ltr'>,expostulata</span> <span class='ocrx_word' id='word_1_247' title='bbox 779 4152 823 4212; x_wconf 89' lang='lat' dir='ltr'>ad</span> <span class='ocrx_word' id='word_1_248' title='bbox 847 4150 1050 4233; x_wconf 88' lang='lat' dir='ltr'>supplicium</span> <span class='ocrx_word' id='word_1_249' title='bbox 1075 4151 1192 4214; x_wconf 80' lang='lat' dir='ltr'>Calvia</span> <span class='ocrx_word' id='word_1_250' title='bbox 1214 4150 1406 4232; x_wconf 77' lang='lat' dir='ltr'>Crispinilla</span> 
     </span>
     <span class='ocr_line' id='line_1_33' title="bbox 215 4267 1405 4351; baseline -0.003 -19"><span class='ocrx_word' id='word_1_251' title='bbox 215 4272 315 4332; x_wconf 85' lang='lat' dir='ltr'>variis</span> <span class='ocrx_word' id='word_1_252' title='bbox 339 4270 612 4332; x_wconf 81' lang='lat' dir='ltr'>frustrationibus</span> <span class='ocrx_word' id='word_1_253' title='bbox 641 4283 674 4333; x_wconf 83' lang='lat' dir='ltr'>et</span> <span class='ocrx_word' id='word_1_254' title='bbox 702 4272 845 4332; x_wconf 81' lang='lat' dir='ltr'>adversa</span> <span class='ocrx_word' id='word_1_255' title='bbox 868 4270 1109 4332; x_wconf 82' lang='lat' dir='ltr'>dissimulantis</span> <span class='ocrx_word' id='word_1_256' title='bbox 1132 4270 1292 4351; x_wconf 82' lang='lat' dir='ltr'>principis</span> <span class='ocrx_word' id='word_1_257' title='bbox 1316 4267 1405 4329; x_wconf 81' lang='lat' dir='ltr'>lama</span> 
     </span>
     <span class='ocr_line' id='line_1_34' title="bbox 216 4389 1404 4473; baseline -0.003 -20"><span class='ocrx_word' id='word_1_258' title='bbox 216 4391 365 4473; x_wconf 90' lang='lat' dir='ltr'>periculo</span> <span class='ocrx_word' id='word_1_259' title='bbox 395 4400 558 4472; x_wconf 85' lang='lat' dir='ltr'>exempta</span> <span class='ocrx_word' id='word_1_260' title='bbox 587 4389 671 4464; x_wconf 85' lang='lat' dir='ltr'>est&#39;’,</span> <span class='ocrx_word' id='word_1_261' title='bbox 702 4390 833 4463; x_wconf 84' lang='lat' dir='ltr'>dubito,</span> <span class='ocrx_word' id='word_1_262' title='bbox 860 4392 919 4451; x_wconf 88' lang='lat' dir='ltr'>sed</span> <span class='ocrx_word' id='word_1_263' title='bbox 944 4392 1093 4452; x_wconf 85' lang='lat' dir='ltr'>eximere</span> <span class='ocrx_word' id='word_1_264' title='bbox 1119 4390 1217 4461; x_wconf 65' lang='lat' dir='ltr'>malo„</span> <span class='ocrx_word' id='word_1_265' title='bbox 1242 4390 1404 4469; x_wconf 84' lang='lat' dir='ltr'>quoniam</span> 
     </span>
    </p>
   </div>
   <div class='ocr_carea' id='block_1_5' title="bbox 0 0 1620 5274">
    <p class='ocr_par' dir='ltr' id='par_1_9' title="bbox 0 0 1620 5274">
     <span class='ocr_line' id='line_1_35' title="bbox 0 0 1620 5274; baseline 0 0"><span class='ocrx_word' id='word_1_266' title='bbox 0 0 1620 5274; x_wconf 95' lang='lat' dir='ltr'> </span> 
     </span>
    </p>
   </div>
  </div>
 </body>
</html>
