3210 5274
883 357 948 437 236

359 537 403 598 H.
429 537 471 611 II,
497 538 550 599 68.
588 537 625 599 ln
655 537 807 599 exercitu
837 537 967 600 Vitellii
996 558 1014 600 e
1039 539 1112 599 rixa
1136 537 1310 618 legionarii
1338 536 1460 599 militis
1485 546 1518 600 et

316 657 404 721 Galli
429 658 548 739 ingens
572 657 738 720 tumultus
762 657 953 740 caedesque
978 659 1143 720 nascitur:

364 777 587 858 „Remedium
616 776 781 840 tumultus
806 776 867 839 suit
892 776 977 839 alius
1001 776 1174 839 tumultus.
1199 775 1312 838 Pulvis
1339 775 1462 857 procul
1488 785 1522 838 et

315 918 409 962 arma
433 895 703 979 aspiciebantur:
728 896 978 959 conclamatum
1006 905 1145 979 repente
1167 905 1323 977 quartam
1347 897 1523 958 decimam

313 1015 484 1099 legionem
512 1036 610 1078 verso
634 1017 755 1079 itinere
776 1017 819 1078 ad
841 1018 1007 1099 proelium
1029 1016 1160 1090 venire;
1181 1017 1240 1077 sed
1261 1024 1360 1077 erant
1373 1017 1523 1097 agminis

315 1144 509 1200 coactores:
534 1135 640 1217 agniti
666 1135 846 1218 dempsere
870 1134 1166 1198 sollicitudinem.”

361 1256 483 1319 Dicere
515 1275 582 1318 non
614 1274 752 1337 possum
785 1276 888 1336 quam
917 1256 1049 1336 ingrata
1075 1254 1155 1316 mihi
1180 1253 1322 1315 accedat
1349 1254 1393 1316 ad
1417 1274 1520 1316 aures

315 1376 413 1439 huius
440 1375 503 1438 loci
536 1376 663 1450 orati0;
697 1374 841 1436 elumbis
872 1375 1016 1448 videtur,
1050 1374 1219 1456 languida,
1241 1373 1391 1455 puerilis
1417 1374 1519 1436 Prae·

315 1497 430 1559 sertim
455 1494 554 1558 colon
579 1495 669 1557 istud
694 1494 754 1558 sed
774 1507 872 1558 erant
894 1496 1041 1578 agminis
1063 1506 1226 1558 coactores
1249 1495 1401 1555 ieiunum
1424 1491 1517 1574 frigi-

315 1616 465 1696 dumque
486 1623 554 1690 est;
576 1615 635 1678 sed
657 1615 797 1676 omnino
819 1614 1041 1676 vehementer
1057 1613 1214 1696 displicet
1228 1614 1261 1675 in
1276 1613 1345 1674 duo
1360 1611 1518 1673 membra

316 1736 478 1797 distracta
513 1734 782 1816 simplicissimae
818 1733 865 1795 rei
902 1733 1059 1795 narrati0.
1093 1731 1162 1794 Vin
1195 1733 1227 1793 in
1260 1752 1365 1793 unum
1393 1750 1520 1813 corpus

314 1854 460 1918 solidum
491 1863 593 1936 atque
629 1853 804 1916 robustum
837 1860 960 1915 cuncta
992 1850 1125 1933 colligi?
1152 1851 1288 1913 Mecum
1313 1851 1407 1933 lege:
1438 1850 1519 1931 „sed

314 1975 458 2056 agminis
482 1983 658 2037 coactores
681 1974 787 2055 agniti
813 1975 992 2055 dempsere
1016 1970 1314 2034 sollicitudinem.”

359 2092 466 2157 Simili
499 2093 620 2157 morbo
651 2091 785 2155 laborat
808 2091 902 2154 locus
928 2092 970 2154 H.
997 2092 1057 2167 III,
1084 2106 1136 2172 25.
1161 2091 1338 2153 Praecedit
1365 2092 1519 2153 narratio

314 2213 357 2275 de
379 2221 475 2294 patre
496 2233 516 2275 a
536 2211 605 2274 filio
626 2213 660 2274 in
681 2232 795 2294 pugna
816 2211 1038 2275 Cremonensi
1060 2209 1240 2273 interfecto
1257 2210 1370 2290 deque
1383 2209 1520 2272 acerbis

313 2331 370 2393 filii
395 2340 472 2414 post
495 2332 648 2413 agnitum
673 2329 802 2393 lacinus
825 2331 1018 2412 questibus:

361 2451 571 2530 „Advertere
603 2450 760 2532 proximi,
793 2450 871 2512 dein
896 2449 1024 2530 plures:
1051 2449 1129 2511 hinc
1154 2468 1377 2530 peromnem
1402 2450 1515 2511 aciem

314 2570 511 2633 miraculum
544 2578 579 2632 et
603 2578 742 2651 questus
766 2579 800 2632 et
824 2569 1010 2631 saevissimi
1035 2568 1113 2630 belli
1139 2569 1337 2630 exsecratio
1372 2569 1448 2631 Nec
1474 2590 1517 2632 eo

313 2691 448 2772 segnius
473 2690 683 2773 propinquos
706 2688 828 2751 adfinis
853 2687 972 2750 iratres
997 2688 1168 2750 trucidant
1193 2687 1358 2770 spoliant;
1384 2687 1517 2751 sactum

312 2832 385 2874 esse
409 2810 517 2873 scelus
541 2810 725 2891 loquuntur
749 2807 977 2889 faciuntque”.

356 2929 530 3012 Quantum
551 2930 663 3011 potuit
683 2928 792 2991 scelus
812 2927 867 2990 hic
888 2929 959 3010 ipse
980 2928 1150 2991 commisit
1172 2926 1311 2990 sciolus:
1326 2928 1517 2990 trucidavit

312 3052 402 3114 enim
436 3051 625 3113 orationem
650 3050 837 3112 Taciteam.
863 3047 931 3112 Sed
957 3046 1039 3109 nihil
1064 3047 1194 3111 facilius
1217 3067 1320 3129 quam
1344 3049 1379 3109 in
1404 3047 1515 3109 vitam

312 3190 387 3233 eam
408 3189 585 3244 revocare;
607 3169 836 3231 abiiciendum
858 3177 909 3230 est
930 3187 1032 3243 onuS,
1046 3188 1114 3248 quo
1128 3168 1347 3250 opprimitur:
1367 3215 1393 3246 „.
1405 3215 1412 3228 .
1424 3215 1431 3228 .
1444 3175 1517 3230 tru-

228 3339 230 3343 ,
311 3291 426 3353 cidant
447 3289 611 3372 spoliant:
636 3290 740 3352 scelus
759 3289 939 3370 loquuntur
952 3286 1183 3370 faciuntque”.
1210 3287 1298 3370 Hoc„
1318 3295 1354 3348 ut
1377 3288 1515 3368 opinor,

311 3409 489 3472 Taciteum
514 3416 576 3470 est.

358 3529 401 3591 H.
428 3529 488 3603 III,
517 3547 567 3611 39.
600 3528 727 3591 Acrem
760 3529 793 3590 in
826 3529 958 3591 Iunium
985 3527 1140 3590 Blaesum
1165 3526 1315 3608 concipit
1339 3527 1424 3588 iram
1452 3527 1515 3590 Vi·

310 3648 422 3711 tellius
454 3648 648 3729 imperator,
679 3667 780 3729 quam
805 3647 845 3709 L.
870 3646 1029 3709 Vitellius
1053 3646 1345 3708 criminationibus
1367 3646 1437 3708 suis
1464 3647 1517 3710 in-

311 3767 443 3842 cendit;
469 3766 626 3828 tandem:

359 3886 562 3968 „trepidanti
584 3886 671 3947 inter
690 3884 799 3947 scelus
821 3894 1027 3965 metumque,
1049 3905 1091 3946 ne
1113 3884 1218 3946 dilata
1237 3904 1327 3946 mors
1341 3893 1515 3949 maturam

311 4007 505 4090 perniciem,
528 4005 640 4088 palam
661 4006 749 4067 iussa
768 4014 918 4067 atrocem
932 4005 1095 4068 invidiam
1110 4004 1221 4079 ferret,
1235 4003 1362 4086 placuit
1376 4025 1515 4070 veneno

309 4126 463 4208 grassari.
477 4124 625 4187 Addidit
639 4124 778 4187 facinori
793 4125 895 4187 fidem
910 4125 1014 4187 nobili
1028 4125 1163 4206 gaudi0,
1178 4123 1333 4186 Blaesum
1350 4125 1513 4202 visendo;

310 4245 391 4325 quin
413 4253 447 4306 et
469 4245 586 4306 audita
601 4253 652 4306 est
665 4245 861 4307 saevissima
878 4244 1007 4307 Vitellii
1022 4265 1099 4319 vox,
1117 4263 1231 4325 quase
1246 4245 1379 4326 pavisse
1392 4243 1515 4309 oculos

309 4369 464 4442 spectata
488 4362 613 4423 inimici
640 4371 750 4424 morte
775 4363 947 4425 iactavit.’'
