3292 5280
640 425 651 440 .
701 388 764 456 203

136 551 330 633 praeficitur
369 552 535 629 Corbu10‚
577 564 757 637 postquam
802 556 924 618 Paetus
959 556 1015 617 diu
1053 553 1157 615 multa
1193 552 1330 614 molitus

134 672 217 735 nihil
249 672 439 767 proiecerat
471 675 530 737 sed
564 675 596 737 in
629 695 798 738 summum
827 675 1008 739 discrimen
1033 694 1103 736 rem
1128 673 1327 735 adduxerat.

133 792 171 854 Id
198 793 290 855 hisce
314 794 426 856 verbis
450 794 589 857 Tacitus
612 796 782 858 enuntiat:

182 913 247 992 ,Et
271 912 420 977 Corbulo
446 916 589 979 militum
614 927 716 998 atque
742 917 889 979 hostium
915 925 966 978 tot
991 936 1050 997 per
1074 934 1180 979 annos
1203 934 1328 995 gnarus

132 1034 301 1113 gerendae
338 1036 384 1096 rei
421 1036 630 1117 praeficitur,
674 1057 716 1099 ne
751 1037 845 1099 cuius
879 1035 1016 1098 alterius
1051 1035 1181 1096 inscitia
1217 1053 1327 1096 rursus

133 1154 364 1235 peccaretur.”

179 1273 257 1336 Non
278 1282 413 1356 poterat
425 1285 562 1339 senatus
574 1277 751 1339 consilium
764 1276 950 1359 elegantius
963 1276 1017 1338 vel
1030 1276 1137 1355 magis
1149 1274 1325 1356 perspicue

131 1393 322 1474 significari.
355 1393 405 1457 At
436 1396 469 1457 in
501 1405 597 1459 textu
622 1396 785 1459 adhaeret
810 1417 941 1478 pannus
966 1395 1224 1458 absurdissimus
1246 1394 1325 1476 quia

131 1513 231 1577 Paeti
246 1515 416 1597 piguerat,
443 1516 475 1578 in
501 1515 623 1596 quibus
648 1516 760 1578 verbis
784 1515 865 1578 nihil
891 1517 985 1589 inest,
1011 1515 1102 1597 quod
1129 1534 1196 1576 non
1218 1510 1325 1576 multo

132 1635 305 1697 venustius
338 1635 448 1698 verbis
479 1654 518 1700 nt
547 1638 640 1699 cuius
670 1636 811 1700 alterius
833 1636 964 1699 inscitia
989 1656 1111 1699 rursus
1128 1647 1325 1718 peccaretur

130 1753 336 1830 declaretur;
369 1765 545 1836 praeterea
576 1755 717 1818 sciolum
750 1758 812 1819 ista
842 1755 1014 1850 redolent,
1047 1756 1104 1836 qui
1137 1756 1169 1816 in
1201 1755 1324 1818 Latine

130 1875 310 1938 scribendo
335 1896 378 1938 ne
403 1877 612 1958 ineptissima
636 1877 773 1958 quidem
799 1877 926 1938 evitare
951 1876 1099 1958 potuerit
1123 1874 1215 1937 vitia.

175 1994 219 2058 A.
245 1995 323 2070 XV,
348 2013 401 2074 40.
428 1997 611 2078 Nunquam
635 1997 785 2059 adducar
809 2005 846 2105 qt
870 1996 1006 2058 credam
1031 1997 1140 2078 ipsum
1165 1995 1323 2057 Tacitum

129 2116 317 2197 scripsisse:
342 2117 488 2198 „quippe
503 2117 535 2178 in
549 2118 704 2198 regiones
718 2116 990 2197 quattuordecim
1005 2116 1116 2178 Roma
1128 2113 1324 2190 dividitur,”

131 2255 209 2297 nam
241 2237 267 2297 si
299 2236 497 2318 scripsisset,
531 2257 631 2299 nemo
664 2257 731 2299 non
763 2236 954 2318 aequalium
981 2237 1013 2298 in
1039 2236 1123 2298 risus
1146 2237 1321 2317 erupisset,

130 2356 223 2437 quod
256 2356 299 2417 de
333 2377 367 2418 re
400 2364 470 2418 tam
495 2366 576 2418 nota
601 2358 801 2419 edoceretur
825 2357 938 2418 etiam.
976 2356 1020 2419 Et
1045 2365 1096 2418 cst
1119 2356 1324 2418 scholiorum

129 2494 240 2536 sermo
276 2476 357 2537 iste:
394 2476 452 2550 sic,
489 2485 525 2538 ut
562 2497 580 2538 e
617 2476 729 2538 multis
764 2476 930 2558 exemplis
966 2497 1068 2539 unum
1105 2476 1253 2550 alieram,
1290 2477 1324 2539 in

129 2592 262 2656 Horatii
287 2593 461 2657 codicibus
485 2595 527 2658 ad
554 2594 590 2659 C.
617 2594 649 2658 S.
675 2616 723 2658 vs.
749 2613 768 2678 7
790 2596 989 2677 plerumque
1009 2605 1211 2659 annotatum
1232 2597 1323 2659 inve·

127 2715 254 2776 nimus:
286 2714 416 2794 „Roma
436 2716 468 2776 in
490 2726 622 2797 septem
643 2715 785 2778 collibus
804 2717 989 2779 constituta
1002 2716 1086 2779 est.''
1107 2715 1176 2780 Sed
1190 2718 1323 2799 scripsit

124 2835 172 2896 sic
186 2833 255 2897 fere
269 2834 425 2899 Tacitus:
454 2836 666 2917 „Regionum
679 2836 769 2898 enim
782 2844 943 2917 quattuor
956 2837 1107 2918 integrae
1121 2837 1321 2914 manebant;

125 2963 193 3017 tres
206 2955 278 3018 solo
292 2965 389 3018 tenus
403 2957 567 3030 deiectae,
580 2965 713 3038 septem
727 2956 864 3038 reliquis
876 2976 984 3038 pauca
997 2966 1164 3020 tectorum
1179 2959 1321 3039 vestigia

123 3075 354 3157 supererant,’'
378 3096 455 3138 cum
475 3078 598 3158 quibus
618 3077 730 3139 verbis
742 3078 936 3139 annotatio:
954 3079 1100 3160 „quippe
1114 3079 1147 3140 in
1162 3078 1317 3160 regiones

126 3197 401 3276 quattuordecim
427 3195 537 3258 Roma
562 3196 746 3259 dividitur”
771 3198 819 3259 ita
839 3206 890 3259 est
909 3197 1152 3279 conglutinata,
1175 3209 1210 3261 ut
1231 3220 1320 3263 nunc

126 3314 274 3395 legatur:
303 3315 450 3397 ,quippe
475 3316 508 3377 in
534 3317 689 3396 regiones
713 3318 986 3397 quattuordecim
1014 3317 1123 3380 Roma
1147 3319 1318 3393 dividitur,

127 3454 269 3514 quarum
294 3443 455 3516 quattuor
481 3456 509 3498 e.
523 3455 556 3517 q.
570 3434 630 3497 s.”.

170 3552 214 3614 A.
237 3552 315 3628 XV,
333 3570 388 3636 47.
414 3551 534 3634 ,Sidus
553 3565 714 3629 cometes,
735 3556 898 3635 sanguine
911 3556 1030 3619 illustri
1043 3578 1177 3640 semper
1191 3558 1318 3621 Neroni

123 3671 332 3754 expiatum.'’
370 3673 563 3756 Imperante
600 3674 733 3738 Nerone
766 3675 871 3738 semel
903 3680 1142 3742 tantummodo
1173 3680 1317 3743 antehac

122 3800 274 3854 cometes
298 3793 388 3855 visus
404 3789 472 3855 'suit
494 3793 537 3856 A.
560 3794 655 3870 XIV,
679 3811 729 3857 22.
754 3793 821 3858 Sed
842 3797 876 3858 in
896 3798 1086 3860 universum
1112 3799 1165 3861 hic
1184 3799 1317 3862 locutus

122 3919 174 3972 est
205 3911 353 3987 Tacitus,
386 3922 423 3975 ut
455 3922 489 3976 et
521 3913 604 3976 illic:
634 3916 695 3994 „de
720 3936 788 3997 quo
814 3885 905 3998 vulgi
928 3918 1044 3998 opinio
1069 3928 1119 3980 est
1142 3927 1315 4000 tamquam

54 4026 57 4031 ’
123 4032 347 4094 mutationem
383 4034 470 4115 regis
502 4034 706 4115 portendat''
725 4034 756 4117 ¹),
791 4046 824 4098 et
856 4039 1036 4119 utrobique
1068 4039 1212 4102 eandem
1244 4061 1314 4102 rem

164 4228 190 4293 1)
210 4229 258 4278 Cis.
276 4229 401 4294 praeclari
417 4231 492 4281 Statii
509 4249 597 4283 versus
612 4235 661 4285 Th.
679 4236 701 4298 1,
719 4246 778 4301 705,
788 4237 833 4286 ubi
844 4239 880 4286 sic
891 4238 986 4302 aliquis
998 4239 1150 4302 Apollinem
1160 4241 1314 4305 alloquitur:

765 4323 805 4370 Tu
823 4318 915 4373 doctus
934 4326 1038 4389 iniquas

302 4402 437 4454 Parcarum
455 4422 596 4470 praenosse
615 4424 704 4457 manus
724 4409 857 4476 satumque
878 4413 948 4476 quod
968 4413 1035 4462 ultra
1053 4422 1091 4462 est
