3210 5274
775 1424 819 1488 11.

246 1654 303 1717 Ad
323 1673 393 1716 rem
414 1671 516 1734 quam
531 1650 722 1715 felicissimo
736 1651 891 1715 acumine
905 1650 1079 1733 perspexit
1092 1651 1400 1715 demonstrandam

201 1794 268 1837 uno
292 1782 427 1837 tantum
451 1771 675 1834 Woelfflinius
699 1771 764 1834 hoc
788 1772 893 1835 utitur
916 1779 1136 1853 argumento:

247 1892 444 1957 Plutarchus
475 1892 580 1955 latine
612 1893 728 1966 nescit,
756 1900 792 1955 et
815 1892 842 1954 si
867 1891 900 1953 in
925 1891 1003 1953 vitis
1027 1889 1157 1954 Galbae
1181 1889 1400 1972 Othonisque

200 2012 328 2094 aliquid
353 2031 521 2095 perverse,
547 2010 660 2086 stulte,
684 2010 824 2074 ridicule
849 2019 973 2093 narrat,
998 2009 1194 2073 facillimum
1214 2019 1266 2074 est
1286 2011 1400 2074 Taciti

201 2132 367 2196 vocabula
392 2132 541 2194 indicare
566 2151 653 2213 quae
678 2131 711 2193 in
737 2151 885 2194 errorem
909 2150 986 2193 eum
1011 2130 1229 2193 induxerunt.

246 2251 314 2317 Sed
347 2251 582 2334 exemplorum
608 2251 731 2332 quibus
755 2250 820 2313 hoc
845 2258 1083 2332 argumentum
1107 2248 1250 2312 illustret
1275 2268 1401 2330 magna

201 2371 408 2434 Woelfflinio
440 2371 473 2432 in
506 2378 665 2453 promptu
699 2378 749 2433 est
775 2371 884 2453 copia.
910 2369 997 2435 Sunt
1020 2370 1241 2432 disertissima
1264 2369 1399 2445 omnia;

201 2492 268 2555 duo
301 2499 415 2553 tamen
448 2508 566 2552 eorum
597 2491 781 2552 maximam
814 2489 895 2553 mihi
927 2488 1054 2553 habere
1079 2489 1239 2552 videntur
1263 2508 1401 2570 persua·

201 2610 304 2673 dendi
330 2609 409 2672 vim.
435 2607 532 2690 Quae
556 2607 612 2670 illa
637 2609 705 2671 sint
729 2609 858 2672 dicam:

245 2727 349 2803 Otho,
381 2749 400 2791 a
432 2728 615 2791 coniuratis
647 2729 715 2791 suis
747 2737 888 2791 vocatus
921 2736 957 2791 ut
982 2748 1017 2791 se
1042 2747 1119 2790 cum
1143 2726 1207 2789 illis
1231 2727 1265 2788 in
1289 2736 1403 2791 castra

200 2846 353 2912 conserat
385 2847 565 2931 praetoria,
599 2848 664 2910 hoc
695 2847 802 2910 utitur
831 2847 1010 2910 mendacio
1035 2867 1104 2928 quo
1127 2847 1278 2910 subitum
1302 2868 1402 2910 suum

200 2988 219 3029 e
252 2967 381 3030 Palatio
414 2966 576 3031 defendat
607 2968 802 3030 discessum.
836 2966 989 3048 Rogatus
1020 2987 1040 3028 a
1072 2964 1180 3029 Galba
1212 2986 1271 3028 cur
1298 2967 1404 3031 abeat

201 3088 385 3169 respondet
417 3107 436 3150 a
466 3107 502 3149 se
533 3087 598 3150 emi
628 3086 730 3148 aedes
761 3093 931 3148 vetustate
963 3093 1148 3167 suspectaS,
1181 3105 1270 3148 nunc
1294 3106 1331 3149 se
1355 3086 1401 3149 ab

199 3205 377 3269 architecto
400 3205 721 3289 redemptoribusque
744 3204 934 3286 exspectari
959 3204 1003 3286 (V.
1028 3203 1109 3267 Tac.
1135 3203 1179 3266 H.
1204 3204 1230 3279 Ι,
1256 3205 1321 3286 27).

246 3326 314 3388 Res
335 3332 385 3387 est
406 3344 508 3406 quam
529 3325 677 3388 maxime
698 3324 877 3406 perspicua
897 3332 932 3387 et
952 3344 971 3386 e
991 3323 1063 3386 vita
1082 3331 1228 3406 sumpta.
1247 3322 1283 3388 Si
1295 3326 1400 3389 aedes

201 3453 336 3507 nostrae
368 3443 505 3526 aliquod
538 3445 673 3526 gravius
704 3452 869 3527 ceperunt
893 3444 1146 3518 detrimentum,
1172 3443 1398 3508 architectum

200 3563 399 3626 arcessimus
405 3589 413 3639 ;
435 3563 463 3626 is
480 3565 654 3646 quomodo
671 3565 785 3627 sarciri
799 3563 930 3646 possint
943 3563 1161 3645 debeantque
1174 3563 1398 3630 demonstrat.

200 3684 288 3747 Tum
313 3691 427 3746 autem
452 3692 511 3747 aut
534 3684 625 3746 solus
649 3705 720 3748 rem
745 3693 854 3747 totam
878 3704 939 3746 suo
964 3684 1114 3767 periculo
1139 3685 1173 3747 in
1197 3704 1233 3747 se
1257 3686 1400 3767 suscipit

199 3812 257 3866 aut
278 3822 364 3885 opus
383 3801 484 3878 locat,
506 3803 711 3885 redimitque
732 3802 813 3866 illud
835 3802 1035 3885 plerumque
1056 3802 1110 3866 vel
1130 3801 1225 3866 faber
1239 3803 1401 3886 lignarius

200 3921 253 3984 vel
274 3921 425 4003 lapidum
446 3929 603 3996 structor,
623 3922 683 3984 sed
704 3921 795 4003 prius
816 3941 893 3983 cum
915 3921 988 3984 aliis
1008 3921 1158 4004 loquitur
1178 3920 1281 3984 fabris
1301 3943 1344 3985 ne
1365 3923 1399 3986 in

199 4041 382 4103 statuendo
406 4041 516 4122 pretio
537 4041 684 4122 graviter
705 4048 804 4103 erret.
826 4040 859 4103 A
879 4049 995 4104 nostra
1016 4049 1131 4104 autem
1151 4044 1399 4106 consuetudine

199 4181 251 4224 res
286 4180 389 4242 quam
425 4159 519 4224 Otho
551 4160 649 4242 fingit
680 4160 801 4223 leviter
832 4169 965 4223 tantum
998 4162 1185 4243 discrepat;
1220 4161 1274 4224 hic
1306 4163 1399 4226 enim

200 4280 321 4361 singuli
347 4278 432 4341 fabri
457 4288 587 4361 quanto
609 4300 669 4343 sua
693 4300 771 4363 pars
794 4289 929 4344 constet
953 4280 1138 4343 declarant.

244 4397 334 4480 Quid
376 4417 457 4460 vero
499 4397 718 4462 Plutarchus?
760 4398 934 4463 Othonem
969 4399 1143 4463 simulasse
1178 4400 1262 4464 dicit
1296 4402 1400 4465 aedes
