3292 5280
772 374 813 453 38

196 549 283 612 illius
314 552 495 615 severitate
525 552 699 626 liberatae,
731 574 793 635 pro
821 553 979 636 legitimis
1002 554 1230 617 habebantur.
1257 555 1392 618 Revera

196 678 268 731 erat
292 669 374 732 illud
398 670 616 735 levamentum
640 673 674 735 in
691 685 861 757 praesens.

240 788 325 852 Cum
347 790 478 852 iudiciis
498 791 793 872 delationibusque
813 801 893 874 apte
912 792 1161 872 coniunguntur
1180 793 1320 855 somnia
1338 812 1391 854 va·

195 909 395 990 ticiniaque:
429 911 462 971 in
495 919 639 991 utroque
670 912 760 972 enim
787 931 911 991 genere
935 919 1055 992 regnat
1077 907 1180 985 ἦλυγῆ
1207 912 1389 992 quaedam.

196 1027 383 1090 Videamus
406 1049 487 1109 ergo
510 1049 597 1110 quae
623 1029 666 1091 H.
692 1029 741 1091 IV
766 1049 814 1092 cc.
840 1030 972 1108 81-84
991 1037 1166 1092 narrentur
1186 1029 1232 1090 de
1254 1027 1387 1091 somnio

195 1146 380 1210 Ptolemaei
412 1167 569 1229 novoque
601 1149 666 1210 deo
697 1148 741 1211 ab
768 1147 950 1230 Aegyptiis
974 1168 993 1211 e
1018 1147 1127 1210 Ponto
1151 1148 1273 1229 petito.
1300 1147 1386 1209 Rem

197 1274 287 1327 recte
311 1267 527 1348 dilucideque
550 1268 691 1330 tradidit
714 1267 853 1329 Tacitus
872 1268 942 1341 sed,
963 1267 1025 1329 nisi
1046 1287 1100 1329 me
1120 1266 1242 1329 fallunt
1263 1267 1386 1340 omnia,

195 1371 311 1446 turbas
336 1386 431 1447 dedit
455 1394 674 1468 praepostera
697 1386 791 1449 scioli
812 1387 985 1449 industria.
1007 1383 1062 1449 Sic
1082 1386 1232 1449 narratio
1253 1387 1385 1467 incipit:

241 1503 270 1565 E
303 1504 403 1585 plebe
430 1504 664 1567 Alexandrina
688 1506 825 1586 quidam
849 1505 1024 1567 oculorum
1047 1505 1128 1567 tabe
1152 1513 1255 1567 notus
1278 1523 1386 1586 genua

196 1621 267 1683 eius
298 1623 354 1704 (sc.
389 1622 602 1704 Vespasiani)
630 1623 832 1697 advolvitur,
856 1624 1042 1686 remedium
1066 1623 1243 1685 caecitatis
1266 1641 1387 1704 expos·

196 1760 285 1814 cens,
317 1743 448 1803 monitu
480 1740 653 1824 Serapidis
684 1743 749 1816 dei,
774 1762 876 1823 quem
900 1742 1017 1805 dedita
1039 1741 1282 1823 superstitione
1305 1760 1388 1822 gens

195 1868 275 1922 ante
299 1859 383 1922 alios
407 1861 498 1923 colit.

241 1977 341 2040 Hunc
365 1980 466 2041 deum
491 1980 615 2041 deinde
639 1979 875 2060 cognoscimus
897 1999 917 2042 a
938 1979 1134 2042 Ptolemaeo
1154 1977 1283 2060 Sinope
1304 1978 1388 2060 peti·

196 2104 278 2169 tum,
311 2098 401 2159 iussu
433 2099 572 2171 iuvenis,
604 2098 661 2179 qui
694 2099 724 2160 ei
757 2099 790 2160 in
821 2098 955 2160 somnio
987 2098 1076 2160 visus
1107 2105 1189 2159 erat.
1223 2094 1308 2177 Quis
1335 2095 1389 2158 ille

195 2215 325 2277 iuvenis
360 2226 449 2279 esset
484 2218 662 2299 ignorabat
700 2216 929 2292 Ptolemaeus;
965 2217 1041 2297 quis
1075 2217 1159 2279 deus
1193 2224 1294 2290 esset,
1331 2216 1390 2297 qui

195 2331 281 2394 illius
305 2334 434 2395 iuvenis
459 2344 648 2416 sumpserat
673 2335 823 2416 figuram,
846 2337 889 2398 ad
910 2334 992 2397 illud
1012 2355 1118 2416 usque
1138 2342 1274 2416 tempus
1295 2336 1390 2416 igno·

196 2452 317 2514 rabant
344 2452 579 2527 Alexandrini,
604 2455 782 2536 ignorabat
806 2454 1007 2517 Timotheus
1031 2453 1261 2528 Atheniensis,
1287 2474 1391 2535 quem

195 2573 241 2633 rei
262 2575 520 2653 cognoscendae
542 2594 641 2637 causa
662 2577 882 2637 arcessiverat
902 2574 1143 2655 dimiseratque
1164 2573 1391 2636 Ptolemaeus.

195 2688 261 2771 Qui
286 2711 367 2771 ergo
392 2690 528 2774 Serapis
552 2712 624 2754 esse
650 2702 772 2775 potest,
799 2713 883 2755 unus
906 2713 924 2754 e
949 2693 1092 2754 vetustis
1116 2692 1271 2773 Aegypti
1297 2690 1394 2754 deis?

196 2806 296 2889 Quod
321 2829 357 2871 se
381 2830 449 2872 non
474 2811 628 2891 ignorare
653 2813 787 2874 disertis
811 2811 923 2874 verbis
947 2819 1091 2872 testatur
1114 2810 1253 2873 Tacitus
1273 2811 1394 2873 dicens

194 2927 360 3009 templum
384 2930 493 2990 extrui
514 2929 600 3005 loco,
621 2930 677 2992 ubi
700 2929 808 2992 suerat
827 2929 987 2992 sacellum
1008 2928 1165 3011 Serapidi
1182 2937 1288 3010 atque
1309 2928 1392 2992 Isidi

194 3047 378 3127 antiquitus
408 3058 576 3110 sacratum
608 3050 648 3129 (c.
674 3050 738 3130 84).
771 3049 926 3130 Denique
958 3049 985 3110 si
1009 3049 1103 3121 deus,
1127 3048 1184 3128 qui
1210 3048 1244 3109 in
1268 3067 1393 3111 somno

195 3164 391 3227 Ptolemaeo
411 3168 505 3228 stetit
526 3177 605 3229 ante
626 3167 752 3241 oculos
774 3166 910 3248 Serapis
929 3180 985 3242 est,
1007 3168 1064 3248 qui
1078 3166 1116 3230 fit
1128 3175 1165 3229 ut
1179 3166 1219 3247 (c.
1234 3167 1277 3245 84
1290 3168 1392 3248 extr.)

194 3281 249 3343 alii
275 3303 352 3344 eum
377 3282 619 3366 Aesculapium
644 3306 716 3347 esse
741 3286 866 3359 dicant,
891 3285 946 3347 alii
972 3284 1152 3359 Osiridem,
1176 3284 1231 3347 alii
1258 3284 1391 3360 Iovem,

194 3399 248 3462 alii
271 3401 386 3463 Ditem
408 3410 538 3483 patrem
560 3405 661 3484 (haud
683 3405 821 3466 mirum:
844 3404 960 3465 Ditem
977 3405 1068 3465 enim
1081 3412 1212 3486 patrem
1226 3411 1263 3465 et
1273 3425 1342 3467 esse
1354 3414 1392 3466 et

187 3519 300 3599 fuisse
312 3539 389 3581 eum
402 3520 492 3601 apud
508 3520 714 3602 Sinopenses
726 3521 868 3602 legimus
881 3542 909 3584 c.
920 3524 961 3602 83
977 3541 1036 3583 m.:
1053 3521 1273 3601 „Timotheus
1287 3542 1393 3603 quae·

193 3637 275 3711 sitis,
289 3639 345 3718 qui
360 3638 392 3699 in
408 3639 553 3701 Pontum
568 3649 746 3714 meassent,
761 3642 936 3721 cognoscit
949 3641 1067 3702 urbem
1081 3640 1148 3702 illic
1162 3639 1317 3722 Sinopen
1328 3662 1392 3705 nec

194 3756 311 3836 procul
331 3758 498 3839 tempium
520 3768 633 3821 vetere
655 3760 741 3820 inter
762 3758 895 3821 accolas
915 3758 1004 3821 fama
1022 3759 1113 3820 Iovis
1131 3757 1253 3821 Ditis”.
1271 3758 1393 3840 Atque

193 3893 237 3934 ex
258 3874 323 3937 hoc
344 3876 474 3957 templo
495 3877 578 3938 deus
599 3876 651 3939 vel
672 3886 795 3959 sponte
817 3877 989 3959 profectus
1009 3878 1062 3940 vel
1082 3878 1250 3940 abductus
1267 3879 1394 3943 dicitur

194 4010 222 4052 c.
256 3993 298 4070 84
330 3993 397 4072 m),
429 3994 488 4055 sed
515 4015 606 4056 nrrna
631 3993 850 4076 Serapidem?
875 3995 924 4057 At
949 3996 982 4057 in
1008 3996 1119 4058 verbis
1143 4016 1171 4058 c.
1198 3997 1235 4058 81
1264 3999 1392 4062 monitu

194 4107 368 4191 Serapidis
386 4111 440 4173 dei
458 4111 534 4173 dele
554 4112 728 4195 Serapidis
748 4133 883 4188 nomen,
904 4115 1018 4175 omnia
1032 4122 1131 4176 erunt
1144 4114 1340 4195 planissima
1356 4115 1390 4197 ¹).

231 4365 256 4431 ι)
276 4366 316 4415 De
335 4366 465 4415 Plutarchi
484 4366 549 4415 locis
569 4367 660 4416 eodem
681 4367 873 4431 pertinentibus
891 4375 983 4432 agetur
1002 4384 1024 4419 e.
1044 4368 1131 4418 XVII.
