3210 5274
778 427 838 490 143

206 588 338 652 Rubrio
369 588 501 652 crimini
533 589 679 653 dabatur
711 588 875 651 violatum
903 589 1050 670 periurio
1075 609 1199 652 numen
1223 588 1404 671 Augusti.”

251 707 360 771 Vides
380 709 473 790 quod
494 709 538 770 sit
558 728 685 771 novum
705 707 788 770 illud
808 727 931 790 genus;
946 707 1113 771 famosum
1125 708 1207 772 illud
1221 709 1404 773 maiestatis

204 828 333 891 crimen
357 836 439 891 tunc
463 828 497 890 in
517 827 763 910 rempublicam
784 827 1000 891 introducere
1020 829 1160 912 quidam
1180 829 1293 892 conati
1314 839 1402 905 sunt,

203 949 298 1030 quod
331 956 451 1030 postea
483 957 535 1010 tot
566 949 728 1023 insontes
761 948 892 1011 nobiles
923 956 1027 1030 atque
1058 948 1225 1031 ignobiles
1252 970 1403 1031 pessum·

204 1069 312 1132 dedit.
338 1067 427 1151 Quid
453 1089 535 1132 vero
559 1068 726 1145 Tiberius,
750 1071 888 1152 cognita
912 1090 1001 1133 nova
1021 1069 1227 1145 adulatione,
1249 1090 1317 1152 qua
1337 1070 1403 1133 cal·

202 1189 263 1253 lidi
296 1188 451 1252 homines
483 1198 663 1272 quaestum
693 1189 757 1253 sibi
789 1189 964 1254 instituere
997 1190 1110 1253 conati
1136 1187 1236 1253 sunt?
1260 1189 1402 1272 Scripsit

204 1309 415 1372 consulibus:

252 1429 352 1509 ,Non
383 1430 462 1493 ideo
493 1430 668 1493 decretum
700 1429 787 1512 patri
818 1449 880 1492 suo
912 1429 1052 1505 caelum,
1085 1438 1122 1492 ut
1154 1429 1187 1492 in
1213 1431 1397 1512 perniciem

203 1549 329 1612 civium
354 1550 381 1611 is
405 1549 515 1612 honor
538 1558 735 1612 verteretur.
761 1548 913 1611 Cassium
938 1548 1137 1612 histrionem
1157 1549 1293 1613 solitum
1314 1551 1402 1614 inter

203 1668 288 1731 alios
312 1669 464 1732 eiusdem
489 1669 570 1731 artis
593 1668 756 1730 interesse
780 1667 877 1743 ludis,
903 1688 988 1750 quos
1013 1678 1121 1732 mater
1139 1689 1199 1732 sua
1220 1670 1253 1732 in
1275 1690 1403 1733 memo·

203 1788 288 1849 riam
324 1787 472 1869 Augusti
507 1795 689 1862 sacrasset;
727 1807 789 1850 nec
825 1796 944 1850 contra
979 1787 1159 1870 religiones
1194 1787 1277 1864 fieri,
1308 1791 1401 1870 quod

204 1907 334 1989 effigies
365 1909 446 1981 eius,
478 1915 515 1969 ut
543 1906 609 1969 alia
633 1907 809 1969 numinum
833 1906 1021 1983 simulacra,
1047 1908 1301 1972 venditionibus
1325 1908 1402 1971 hor·

203 2034 317 2089 torum
346 2035 380 2088 et
405 2027 569 2088 domuum
594 2026 769 2089 accedant.
796 2027 1031 2090 Iusiurandum
1056 2027 1198 2109 perinde
1221 2029 1402 2092 aestiman-

203 2146 296 2221 dum,
328 2146 486 2228 quam-si
512 2146 629 2208 Iovem
655 2144 841 2208 fefellisset:
867 2147 1008 2210 deorum
1032 2146 1169 2209 iniurias
1193 2148 1244 2211 dis
1268 2146 1401 2210 curae.”

248 2265 408 2329 Potuitne
432 2266 621 2348 quidquam
646 2265 699 2328 vel
724 2267 856 2348 optimo
880 2267 1085 2348 imperatore
1106 2267 1240 2349 dignius
1261 2286 1399 2349 respon·

202 2386 286 2460 deri,
310 2386 497 2467 quidquam
518 2386 714 2469 sapientius,
736 2385 946 2460 clementius,
968 2385 1091 2461 mitius,
1113 2387 1300 2468 quidquam
1320 2408 1400 2451 con·

201 2505 348 2569 stantius
378 2506 540 2568 adversus
571 2504 646 2567 illos
671 2505 823 2566 omnium
847 2505 1087 2586 imperantium
1113 2525 1211 2568 veros
1235 2506 1399 2582 inimicos,

202 2624 260 2706 qui
292 2643 351 2685 eos
377 2623 521 2685 abiectis
545 2623 807 2698 adulationibus,
833 2624 913 2686 dum
937 2623 1094 2686 attollere
1120 2624 1287 2700 videntur,
1313 2625 1400 2688 ultro

201 2744 235 2806 in
260 2763 425 2826 praeceps
450 2740 606 2825 rapiunt?
631 2741 760 2825 Quodsi
785 2751 859 2805 tota
883 2743 967 2806 haec
991 2744 1135 2827 epistola
1160 2747 1400 2809 tantummodo

201 2864 411 2928 documento
446 2872 545 2937 esset,
579 2871 708 2944 quanta
739 2861 866 2924 Tiberii
899 2863 1040 2925 vixdum
1073 2864 1251 2945 imperium
1283 2864 1400 2947 adepti

201 2983 319 3047 fuisset
339 2984 531 3065 prudentia,
552 3001 723 3064 quamque
743 2982 909 3063 sagaciter
930 2982 1010 3063 quid
1031 2983 1095 3044 sibi
1116 2983 1293 3045 vitandum
1311 2991 1400 3045 esset

200 3104 442 3187 perspexisset,
474 3111 589 3165 tamen
622 3101 676 3164 vel
709 3102 773 3164 hoc
806 3101 944 3164 nomine
977 3120 1185 3184 magnopere
1217 3112 1305 3165 esset
1330 3102 1399 3165 lau·

201 3224 326 3287 danda.
359 3221 450 3304 Quid
484 3241 565 3285 vero
597 3218 757 3284 Tacitus?
788 3218 824 3283 Si
853 3220 936 3283 haec
961 3221 1210 3303 praemisisset:
1235 3221 1300 3284 hoc
1325 3242 1401 3285 nar·

200 3345 342 3407 rationis
366 3362 446 3405 suae
471 3361 544 3405 esse
569 3341 747 3404 consilium

247 3473 305 3545 „ut
338 3463 462 3545 quibus
484 3462 588 3524 initiis
611 3461 847 3543 gravissimum
871 3459 1013 3522 exitium
1039 3460 1220 3543 irrepserit,
1245 3462 1325 3523 dein
1350 3481 1400 3524 re·

202 3602 354 3665 pressum
379 3582 432 3657 sit,
458 3589 631 3664 postremo
651 3581 769 3643 arserit
789 3588 980 3660 cunctaque
1000 3581 1199 3662 corripuerit
1218 3579 1399 3643 noscatur”

201 3703 378 3785 aptissimo
398 3721 474 3764 eam
494 3708 693 3764 exornasset
714 3699 900 3783 prooemio
923 3698 1022 3760 Nunc
1042 3718 1123 3761 vero
1141 3719 1209 3762 non
1226 3698 1310 3763 haec
1326 3700 1399 3764 sola

201 3822 345 3904 scripsit,
377 3821 437 3882 sed
470 3829 549 3902 post
579 3821 686 3884 initiis
716 3818 856 3882 inseruit
884 3819 986 3881 etiam
1010 3831 1135 3900 quanta
1164 3820 1291 3884 Tiberii
1312 3832 1396 3894 arte,

202 3950 232 4003 et
264 3941 313 4003 sic
347 3939 493 4022 primum
524 3939 597 4021 ipse
626 3939 690 4002 sibi
714 3937 920 4019 obloquitur,
946 3958 1023 4001 nam
1049 3936 1142 4002 nullo
1166 3939 1270 4002 modo
1295 3939 1398 4002 verba

202 4071 391 4143 repressum
421 4058 467 4122 sit
497 4066 532 4121 et
561 4071 686 4141 quanta
715 4058 842 4122 Tiberii
863 4068 933 4121 arte
957 4057 1045 4119 inter
1066 4078 1103 4121 se
1127 4058 1298 4121 conciliari
1323 4080 1399 4140 pos·

201 4188 294 4242 sunt:
313 4180 475 4262 repressit
494 4179 584 4243 haud
606 4179 709 4242 dubie
730 4179 762 4240 in
784 4177 975 4261 praesentia
988 4178 1162 4240 exitiabile
1175 4176 1256 4241 illud
1271 4179 1396 4241 malum

201 4297 366 4374 Tiberius,
399 4300 491 4381 quod
524 4320 592 4362 non
624 4300 713 4363 artri
743 4298 774 4379 (i.
800 4318 829 4360 e.
862 4297 987 4360 fraudis
1017 4306 1121 4378 atque
1146 4296 1309 4381 fallaciae)
1336 4309 1397 4375 est,

201 4420 257 4481 sed
282 4418 439 4500 egregiae
464 4419 665 4500 prudentiae
691 4437 850 4499 magnum
871 4436 891 4478 a
912 4416 1087 4498 republica
1105 4419 1291 4482 avertentis
1311 4421 1399 4501 peri·
