3292 5280
786 410 846 456 221

268 576 312 638 A.
355 575 419 650 XI,
459 575 511 637 26.
562 574 653 653 ,Iam
690 573 871 637 Messalina
905 573 1066 637 facilitate
1101 574 1344 637 adulteriorum
1380 575 1413 636 in

223 695 396 794 fastidium
439 714 553 769 versa,
595 696 638 757 ad
674 695 864 776 incognitas
900 695 1057 758 libidines
1093 694 1301 778 profluebat,
1336 715 1414 757 cum

223 816 379 899 abrumpi
411 814 661 877 simulationem
694 815 797 878 etiam
829 814 940 890 Silius,
964 816 1034 878 sive
1060 815 1152 879 fatali
1177 816 1345 890 vecordia,
1369 836 1412 878 an

223 936 473 999 imminentium
516 935 742 1018 periculorum
786 937 973 999 remedium
1013 938 1086 1019 ipsa
1121 937 1270 1020 pericula
1306 945 1414 1011 ratus,

225 1054 401 1138 urgebat.''

270 1175 372 1239 Haud
403 1175 506 1238 dubie
538 1184 715 1257 corruptus
746 1176 839 1239 locus
871 1176 925 1239 hic
957 1185 1025 1252 est;
1051 1177 1247 1239 lacunosum
1272 1176 1416 1259 putabat

225 1295 454 1378 Nipperdeius
486 1304 520 1357 et
551 1296 599 1357 sic
630 1295 700 1357 fere
730 1295 975 1377 supplendum:
1004 1295 1124 1375 ,Silius
1146 1297 1215 1359 sive
1238 1295 1344 1358 taedio
1367 1296 1415 1358 in·

224 1427 333 1479 certae
348 1417 515 1498 fortunae
537 1416 608 1478 slve
633 1414 725 1478 fatali
751 1417 909 1478 vecordia
934 1437 962 1479 e.
976 1437 1009 1498 q.
1022 1415 1071 1478 s.”
1096 1416 1146 1479 At
1166 1415 1305 1498 languet
1325 1416 1414 1478 istud

224 1537 541 1600 sive—sive—an
572 1545 607 1599 et
639 1537 707 1599 duo
732 1537 795 1599 ista
814 1537 928 1619 fatali
948 1538 1101 1600 vecordia
1126 1547 1161 1600 et
1184 1559 1294 1601 an...
1320 1549 1418 1601 ratus

226 1676 363 1718 omnem
400 1658 443 1719 de
479 1655 549 1720 Silii
585 1657 727 1719 consilio
762 1657 978 1719 coniectandi
1015 1658 1191 1720 materiem
1227 1667 1297 1720 tam
1330 1657 1417 1719 bene

227 1775 447 1849 exhauriunt,
479 1784 526 1850 ut,
561 1776 728 1858 quidquid
759 1777 942 1850 addideris,
975 1777 1063 1839 ultro
1096 1776 1207 1839 locum
1240 1777 1417 1858 depraves.

227 1893 366 1977 Quanto
397 1915 479 1977 ergo
511 1903 661 1977 praestat
686 1895 834 1958 Acidalii
859 1897 945 1958 ratio
969 1897 1038 1959 sive
1062 1895 1217 1969 delentis,
1242 1896 1335 1978 quod
1360 1896 1418 1958 ad-

228 2016 337 2078 ditum
362 2035 528 2078 essenon
553 2017 663 2078 minus
687 2024 739 2078 est
763 2015 943 2079 verisimile
967 2036 1070 2099 quam
1095 2017 1239 2079 alterum
1264 2015 1374 2089 colon,
1400 2034 1420 2076 a

227 2137 296 2198 sive
315 2136 490 2218 incipienS,
511 2136 687 2199 excidisse.
713 2136 907 2218 Adscripsit
928 2135 1009 2198 illud
1030 2137 1099 2198 sive
1115 2135 1218 2198 homo
1232 2134 1419 2217 imperitus,

229 2256 287 2338 qui
311 2256 473 2339 simplicis
496 2277 540 2318 an
565 2276 662 2317 usum
687 2255 876 2336 ignorabat.

273 2374 317 2437 A.
332 2374 409 2450 XII,
429 2390 477 2454 15.
493 2374 707 2437 Mithridates
720 2375 935 2457 Bosporanus
949 2374 1098 2456 undique
1111 2374 1255 2436 collecto
1268 2373 1418 2436 exercitu

229 2495 262 2556 in
284 2493 413 2575 Cotyis,
435 2494 668 2556 Romanorum
688 2494 780 2568 socii,
802 2513 942 2575 regnum
964 2502 998 2556 et
1020 2494 1053 2556 in
1074 2494 1294 2575 provinciam,
1317 2513 1419 2576 quam

229 2614 332 2677 Iulius
357 2614 482 2696 Aquila
507 2613 698 2686 obtinebat,
722 2614 850 2695 irrupit.
887 2612 953 2694 Qui
978 2613 1045 2675 suis
1070 2613 1168 2674 diffisi
1194 2612 1337 2675 viribus:

277 2742 454 2821 ,externas
489 2743 523 2795 et
558 2734 621 2815 ipsi
657 2733 782 2814 gratias
816 2733 1032 2815 quaesivere,
1078 2733 1186 2795 missis
1221 2732 1342 2813 legatis
1376 2733 1420 2794 ad

230 2853 420 2928 Eunonem‚
452 2853 509 2935 qui
543 2853 730 2915 Aorsorum
762 2853 855 2934 genti
888 2852 1103 2935 praesidebat
1120 2850 1151 2933 ¹).
1190 2852 1262 2914 Nec
1294 2852 1356 2915 suit
1388 2852 1421 2914 in

230 2973 336 3035 arduo
366 2973 511 3035 societas
544 2973 732 3055 potentiam
764 2973 956 3035 Romanam
986 2974 1148 3035 adversus
1172 2972 1333 3035 rebellem
1360 2972 1422 3035 Mi·
1505 2968 1507 2972 ⁴

231 3091 416 3155 thridatem
441 3090 724 3155 ostentantibus.”

277 3213 405 3295 Utique
440 3213 576 3276 societas
610 3213 814 3274 eiiciendum
846 3220 914 3287 est;
956 3231 1023 3273 non
1057 3212 1147 3273 enlm
1181 3211 1307 3274 nudum
1340 3212 1421 3275 illud

231 3331 480 3394 substantivum
501 3331 690 3413 significare
713 3339 843 3412 potest:
868 3330 920 3410 „ri
942 3331 985 3393 ad
1006 3330 1206 3393 societatem
1218 3330 1422 3394 adducere.”

232 3450 354 3513 Eiecto
385 3452 499 3514 omnia
530 3452 649 3513 ordine
682 3452 889 3533 procedunt:
926 3472 1007 3532 ,nec
1032 3449 1095 3513 luit
1118 3451 1151 3513 in
1175 3449 1305 3513 arduo'’
1330 3451 1420 3513 idem

232 3579 284 3632 est
307 3572 417 3653 quod:
447 3579 500 3650 ,et
524 3570 621 3634 facile
646 3569 708 3633 suit
734 3568 943 3651 negotium.''

276 3690 404 3753 Iterum
428 3691 462 3753 in
487 3690 654 3753 vocabulo
674 3711 707 3772 q.
722 3711 750 3752 e.
771 3691 907 3753 societas
927 3689 1102 3751 turbatum
1123 3689 1257 3751 videtur
1278 3689 1322 3752 A.
1344 3689 1422 3764 XII,
1511 3696 1513 3698 ’

232 3826 292 3892 47:
327 3810 544 3873 Radamistus
576 3810 821 3884 Pharasmanis,
855 3809 1060 3871 Hiberorum
1093 3809 1189 3889 regis,
1223 3807 1319 3883 filius,
1345 3829 1422 3871 cum

232 3939 354 4012 patruo
375 3930 584 4004 Mithridate,
607 3929 847 3991 Armeniorum
861 3948 950 4009 rege,
964 3948 1066 4008 quem
1081 3928 1259 3990 obsidione
1272 3928 1422 3990 clausum

232 4058 338 4123 tenet,
359 4049 393 4111 in
414 4050 558 4131 gratiam
578 4069 613 4110 se
632 4049 741 4110 redire
754 4047 899 4121 simulat,
914 4067 1059 4129 cumque
1072 4067 1114 4109 eo
1127 4056 1223 4109 extra
1236 4047 1422 4121 castellum,

233 4171 326 4252 quod
352 4169 537 4243 obsidetur,
562 4168 799 4251 congreditur:

271 4336 298 4404 ι)
315 4337 487 4387 Praesidebat
504 4353 536 4386 ex
555 4306 659 4402 egregia
678 4336 769 4386 Haasii
786 4334 982 4400 emendatione3
998 4333 1088 4399 inepte
1104 4334 1132 4382 in
1148 4334 1239 4383 codice
1250 4333 1422 4399 praecellebat

232 4425 337 4492 legitur.
