<?xml version="1.0" encoding="UTF-8"?>
<!DOCTYPE html PUBLIC "-//W3C//DTD XHTML 1.0 Transitional//EN"
    "http://www.w3.org/TR/xhtml1/DTD/xhtml1-transitional.dtd">
<html xmlns="http://www.w3.org/1999/xhtml" xml:lang="en" lang="en">
 <head>
  <title>
</title>
<meta http-equiv="Content-Type" content="text/html;charset=utf-8" />
  <meta name='ocr-system' content='tesseract 3.04.00' />
  <meta name='ocr-capabilities' content='ocr_page ocr_carea ocr_par ocr_line ocrx_word'/>
</head>
<body>
  <div class='ocr_page' id='page_1' title='image "./analectatacitea00hartgoog_0243.png"; bbox 0 0 3292 5280; ppageno 0'>
   <div class='ocr_carea' id='block_1_1' title="bbox 773 361 836 426">
    <p class='ocr_par' dir='ltr' id='par_1_1' title="bbox 773 361 836 426">
     <span class='ocr_line' id='line_1_1' title="bbox 773 361 836 426; baseline 0 -19"><span class='ocrx_word' id='word_1_1' title='bbox 773 361 836 426; x_wconf 85' lang='lat'><strong>²32</strong></span> 
     </span>
    </p>
   </div>
   <div class='ocr_carea' id='block_1_2' title="bbox 202 524 1454 3486">
    <p class='ocr_par' dir='ltr' id='par_1_2' title="bbox 202 524 1454 2051">
     <span class='ocr_line' id='line_1_2' title="bbox 211 524 1402 611; baseline -0.005 -21"><span class='ocrx_word' id='word_1_2' title='bbox 211 528 451 611; x_wconf 89' lang='lat' dir='ltr'><strong>Nipperdeius,</strong></span> <span class='ocrx_word' id='word_1_3' title='bbox 473 528 532 589; x_wconf 90' lang='lat' dir='ltr'><strong>sed</strong></span> <span class='ocrx_word' id='word_1_4' title='bbox 554 527 645 608; x_wconf 88' lang='lat' dir='ltr'><strong>quod</strong></span> <span class='ocrx_word' id='word_1_5' title='bbox 668 527 722 589; x_wconf 90' lang='lat' dir='ltr'><strong>ille</strong></span> <span class='ocrx_word' id='word_1_6' title='bbox 744 528 838 590; x_wconf 90' lang='lat' dir='ltr'><strong>dedit</strong></span> <span class='ocrx_word' id='word_1_7' title='bbox 852 526 1080 610; x_wconf 82' lang='lat' dir='ltr'><strong>popularitate</strong></span> <span class='ocrx_word' id='word_1_8' title='bbox 1091 545 1202 607; x_wconf 90' lang='lat' dir='ltr'><strong>neque</strong></span> <span class='ocrx_word' id='word_1_9' title='bbox 1215 524 1402 587; x_wconf 83' lang='lat' dir='ltr'>admodum</span> 
     </span>
     <span class='ocr_line' id='line_1_3' title="bbox 208 646 1404 731; baseline -0.003 -20"><span class='ocrx_word' id='word_1_10' title='bbox 208 649 348 731; x_wconf 84' lang='lat' dir='ltr'>elegans</span> <span class='ocrx_word' id='word_1_11' title='bbox 379 658 429 711; x_wconf 91' lang='lat' dir='ltr'><strong>est</strong></span> <span class='ocrx_word' id='word_1_12' title='bbox 463 669 525 712; x_wconf 92' lang='lat' dir='ltr'><strong>nec</strong></span> <span class='ocrx_word' id='word_1_13' title='bbox 557 648 746 711; x_wconf 90' lang='lat' dir='ltr'><strong>verisimile.</strong></span> <span class='ocrx_word' id='word_1_14' title='bbox 783 647 817 712; x_wconf 87' lang='lat' dir='ltr'><strong>Si</strong></span> <span class='ocrx_word' id='word_1_15' title='bbox 850 649 925 730; x_wconf 91' lang='lat' dir='ltr'><strong>quis</strong></span> <span class='ocrx_word' id='word_1_16' title='bbox 955 649 990 711; x_wconf 74' lang='lat' dir='ltr'><strong>et</strong></span> <span class='ocrx_word' id='word_1_17' title='bbox 1014 646 1188 710; x_wconf 90' lang='lat' dir='ltr'><strong>Taciteam</strong></span> <span class='ocrx_word' id='word_1_18' title='bbox 1213 647 1404 709; x_wconf 89' lang='lat' dir='ltr'><strong>orationem</strong></span> 
     </span>
     <span class='ocr_line' id='line_1_4' title="bbox 210 764 1404 850; baseline -0.004 -19"><span class='ocrx_word' id='word_1_19' title='bbox 210 770 402 832; x_wconf 84' lang='lat' dir='ltr'><strong>restitutam</strong></span> <span class='ocrx_word' id='word_1_20' title='bbox 436 769 470 831; x_wconf 74' lang='lat' dir='ltr'><strong>et</strong></span> <span class='ocrx_word' id='word_1_21' title='bbox 502 769 696 830; x_wconf 91' lang='lat' dir='ltr'><strong>convictum</strong></span> <span class='ocrx_word' id='word_1_22' title='bbox 730 767 1009 850; x_wconf 85' lang='lat' dir='ltr'><strong>interpolatorem</strong></span> <span class='ocrx_word' id='word_1_23' title='bbox 1042 768 1146 849; x_wconf 93' lang='lat' dir='ltr'><strong>cupit,</strong></span> <span class='ocrx_word' id='word_1_24' title='bbox 1177 773 1290 828; x_wconf 91' lang='lat' dir='ltr'><strong>totum</strong></span> <span class='ocrx_word' id='word_1_25' title='bbox 1323 764 1404 828; x_wconf 91' lang='lat' dir='ltr'><strong>illud</strong></span> 
     </span>
     <span class='ocr_line' id='line_1_5' title="bbox 202 885 1405 971; baseline -0.004 -19"><span class='ocrx_word' id='word_1_26' title='bbox 202 901 271 971; x_wconf 84' lang='lat' dir='ltr'><strong>pro</strong></span> <span class='ocrx_word' id='word_1_27' title='bbox 306 889 461 952; x_wconf 81' lang='lat' dir='ltr'><strong>claritate</strong></span> <span class='ocrx_word' id='word_1_28' title='bbox 495 897 554 951; x_wconf 93' lang='lat' dir='ltr'><strong>aut</strong></span> <span class='ocrx_word' id='word_1_29' title='bbox 589 888 702 951; x_wconf 87' lang='lat' dir='ltr'><strong>deleat</strong></span> <span class='ocrx_word' id='word_1_30' title='bbox 737 899 794 951; x_wconf 90' lang='lat' dir='ltr'><strong>aut</strong></span> <span class='ocrx_word' id='word_1_31' title='bbox 831 890 944 951; x_wconf 93' lang='lat' dir='ltr'><strong>denuo</strong></span> <span class='ocrx_word' id='word_1_32' title='bbox 980 889 1013 950; x_wconf 94' lang='lat' dir='ltr'><strong>in</strong></span> <span class='ocrx_word' id='word_1_33' title='bbox 1046 887 1232 968; x_wconf 86' lang='lat' dir='ltr'><strong>marginem</strong></span> <span class='ocrx_word' id='word_1_34' title='bbox 1266 885 1405 967; x_wconf 88' lang='lat' dir='ltr'><strong>releget.</strong></span> 
     </span>
     <span class='ocr_line' id='line_1_6' title="bbox 210 1006 1406 1091; baseline -0.003 -19"><span class='ocrx_word' id='word_1_35' title='bbox 210 1010 295 1073; x_wconf 87' lang='lat' dir='ltr'><strong>Cum</strong></span> <span class='ocrx_word' id='word_1_36' title='bbox 319 1010 409 1072; x_wconf 92' lang='lat' dir='ltr'><strong>enim</strong></span> <span class='ocrx_word' id='word_1_37' title='bbox 432 1009 606 1090; x_wconf 86' lang='lat' dir='ltr'><strong>eleganter</strong></span> <span class='ocrx_word' id='word_1_38' title='bbox 626 1010 764 1091; x_wconf 85' lang='lat' dir='ltr'><strong>quidem</strong></span> <span class='ocrx_word' id='word_1_39' title='bbox 785 1010 844 1071; x_wconf 90' lang='lat' dir='ltr'><strong>sed</strong></span> <span class='ocrx_word' id='word_1_40' title='bbox 867 1008 968 1091; x_wconf 91' lang='lat' dir='ltr'><strong>paulo</strong></span> <span class='ocrx_word' id='word_1_41' title='bbox 989 1008 1163 1071; x_wconf 90' lang='lat' dir='ltr'><strong>obscurius</strong></span> <span class='ocrx_word' id='word_1_42' title='bbox 1181 1006 1406 1089; x_wconf 82' lang='lat' dir='ltr'><strong>significasset</strong></span> 
     </span>
     <span class='ocr_line' id='line_1_7' title="bbox 210 1124 1406 1209; baseline -0.004 -17"><span class='ocrx_word' id='word_1_43' title='bbox 210 1131 350 1193; x_wconf 86' lang='lat' dir='ltr'><strong>Tacitus</strong></span> <span class='ocrx_word' id='word_1_44' title='bbox 383 1128 548 1192; x_wconf 91' lang='lat' dir='ltr'><strong>Sabinum</strong></span> <span class='ocrx_word' id='word_1_45' title='bbox 580 1148 652 1191; x_wconf 91' lang='lat' dir='ltr'><strong>esse</strong></span> <span class='ocrx_word' id='word_1_46' title='bbox 676 1136 882 1203; x_wconf 91' lang='lat' dir='ltr'><strong>accusatum,</strong></span> <span class='ocrx_word' id='word_1_47' title='bbox 908 1128 999 1209; x_wconf 93' lang='lat' dir='ltr'><strong>quod</strong></span> <span class='ocrx_word' id='word_1_48' title='bbox 1023 1128 1057 1189; x_wconf 93' lang='lat' dir='ltr'><strong>in</strong></span> <span class='ocrx_word' id='word_1_49' title='bbox 1083 1124 1325 1209; x_wconf 86' lang='lat' dir='ltr'><strong>proconsulatu</strong></span> <span class='ocrx_word' id='word_1_50' title='bbox 1349 1147 1406 1207; x_wconf 87' lang='lat' dir='ltr'><strong>ge-</strong></span> 
     </span>
     <span class='ocr_line' id='line_1_8' title="bbox 211 1248 1405 1331; baseline -0.004 -18"><span class='ocrx_word' id='word_1_51' title='bbox 211 1252 317 1313; x_wconf 92' lang='lat' dir='ltr'><strong>rendo</strong></span> <span class='ocrx_word' id='word_1_52' title='bbox 345 1270 411 1312; x_wconf 93' lang='lat' dir='ltr'><strong>non</strong></span> <span class='ocrx_word' id='word_1_53' title='bbox 436 1257 507 1311; x_wconf 92' lang='lat' dir='ltr'><strong>tam</strong></span> <span class='ocrx_word' id='word_1_54' title='bbox 532 1248 705 1331; x_wconf 93' lang='lat' dir='ltr'><strong>publicum</strong></span> <span class='ocrx_word' id='word_1_55' title='bbox 726 1249 945 1311; x_wconf 93' lang='lat' dir='ltr'><strong>commodum</strong></span> <span class='ocrx_word' id='word_1_56' title='bbox 966 1267 1068 1330; x_wconf 91' lang='lat' dir='ltr'><strong>quam</strong></span> <span class='ocrx_word' id='word_1_57' title='bbox 1088 1267 1185 1310; x_wconf 91' lang='lat' dir='ltr'><strong>suum</strong></span> <span class='ocrx_word' id='word_1_58' title='bbox 1206 1254 1405 1329; x_wconf 88' lang='lat' dir='ltr'><strong>spectasset,</strong></span> 
     </span>
     <span class='ocr_line' id='line_1_9' title="bbox 211 1366 1454 1451; baseline -0.007 -17"><span class='ocrx_word' id='word_1_59' title='bbox 211 1371 390 1434; x_wconf 86' lang='lat' dir='ltr'><strong>annotavit</strong></span> <span class='ocrx_word' id='word_1_60' title='bbox 422 1370 543 1451; x_wconf 91' lang='lat' dir='ltr'><strong>aliquis</strong></span> <span class='ocrx_word' id='word_1_61' title='bbox 570 1381 636 1451; x_wconf 80' lang='lat' dir='ltr'><strong>pro</strong></span> <span class='ocrx_word' id='word_1_62' title='bbox 667 1369 830 1444; x_wconf 83' lang='lat' dir='ltr'><strong>claritate,</strong></span> <span class='ocrx_word' id='word_1_63' title='bbox 863 1389 986 1451; x_wconf 88' lang='lat' dir='ltr'><strong>nempe</strong></span> <span class='ocrx_word' id='word_1_64' title='bbox 1014 1376 1051 1430; x_wconf 91' lang='lat' dir='ltr'><strong>ut</strong></span> <span class='ocrx_word' id='word_1_65' title='bbox 1075 1368 1214 1430; x_wconf 89' lang='lat' dir='ltr'><strong>doceret</strong></span> <span class='ocrx_word' id='word_1_66' title='bbox 1239 1366 1404 1431; x_wconf 87' lang='lat' dir='ltr'><strong>Sabinum</strong></span> <span class='ocrx_word' id='word_1_67' title='bbox 1449 1416 1454 1425; x_wconf 93' lang='lat'>.</span> 
     </span>
     <span class='ocr_line' id='line_1_10' title="bbox 212 1487 1404 1571; baseline -0.002 -19"><span class='ocrx_word' id='word_1_68' title='bbox 212 1491 288 1553; x_wconf 93' lang='lat' dir='ltr'><strong>huic</strong></span> <span class='ocrx_word' id='word_1_69' title='bbox 325 1490 371 1551; x_wconf 91' lang='lat' dir='ltr'><strong>rei</strong></span> <span class='ocrx_word' id='word_1_70' title='bbox 408 1490 606 1570; x_wconf 88' lang='lat' dir='ltr'><strong>praesertim</strong></span> <span class='ocrx_word' id='word_1_71' title='bbox 642 1490 675 1551; x_wconf 93' lang='lat' dir='ltr'><strong>in</strong></span> <span class='ocrx_word' id='word_1_72' title='bbox 711 1490 886 1571; x_wconf 90' lang='lat' dir='ltr'><strong>provincia</strong></span> <span class='ocrx_word' id='word_1_73' title='bbox 920 1487 1055 1552; x_wconf 87' lang='lat' dir='ltr'><strong>dedisse</strong></span> <span class='ocrx_word' id='word_1_74' title='bbox 1088 1507 1229 1569; x_wconf 91' lang='lat' dir='ltr'><strong>operam</strong></span> <span class='ocrx_word' id='word_1_75' title='bbox 1264 1496 1302 1549; x_wconf 95' lang='lat' dir='ltr'><strong>ut</strong></span> <span class='ocrx_word' id='word_1_76' title='bbox 1334 1487 1404 1568; x_wconf 91' lang='lat' dir='ltr'><strong>ipse</strong></span> 
     </span>
     <span class='ocr_line' id='line_1_11' title="bbox 211 1606 1404 1691; baseline -0.003 -20"><span class='ocrx_word' id='word_1_77' title='bbox 211 1610 457 1672; x_wconf 89' lang='lat' dir='ltr'><strong>inclaresceret.</strong></span> <span class='ocrx_word' id='word_1_78' title='bbox 485 1608 529 1671; x_wconf 87' lang='lat' dir='ltr'><strong>Et</strong></span> <span class='ocrx_word' id='word_1_79' title='bbox 554 1608 641 1671; x_wconf 91' lang='lat' dir='ltr'><strong>bene</strong></span> <span class='ocrx_word' id='word_1_80' title='bbox 666 1610 804 1691; x_wconf 92' lang='lat' dir='ltr'><strong>quidem</strong></span> <span class='ocrx_word' id='word_1_81' title='bbox 828 1608 940 1671; x_wconf 91' lang='lat' dir='ltr'><strong>Taciti</strong></span> <span class='ocrx_word' id='word_1_82' title='bbox 965 1608 1139 1690; x_wconf 88' lang='lat' dir='ltr'><strong>perspexit</strong></span> <span class='ocrx_word' id='word_1_83' title='bbox 1163 1615 1315 1687; x_wconf 88' lang='lat' dir='ltr'><strong>mentem</strong></span> <span class='ocrx_word' id='word_1_84' title='bbox 1340 1606 1404 1681; x_wconf 92' lang='lat' dir='ltr'><strong>ille,</strong></span> 
     </span>
     <span class='ocr_line' id='line_1_12' title="bbox 212 1725 1405 1812; baseline -0.003 -20"><span class='ocrx_word' id='word_1_85' title='bbox 212 1731 271 1792; x_wconf 90' lang='lat' dir='ltr'><strong>sed</strong></span> <span class='ocrx_word' id='word_1_86' title='bbox 286 1729 425 1812; x_wconf 88' lang='lat' dir='ltr'><strong>pulchre</strong></span> <span class='ocrx_word' id='word_1_87' title='bbox 438 1727 684 1791; x_wconf 86' lang='lat' dir='ltr'><strong>conformatam</strong></span> <span class='ocrx_word' id='word_1_88' title='bbox 698 1728 918 1791; x_wconf 90' lang='lat' dir='ltr'><strong>sententiam:</strong></span> <span class='ocrx_word' id='word_1_89' title='bbox 937 1728 1116 1808; x_wconf 88' lang='lat' dir='ltr'><strong>,quodque</strong></span> <span class='ocrx_word' id='word_1_90' title='bbox 1129 1725 1405 1808; x_wconf 87' lang='lat' dir='ltr'><strong>proconsulatum</strong></span> 
     </span>
     <span class='ocr_line' id='line_1_13' title="bbox 212 1845 1405 1931; baseline -0.003 -20"><span class='ocrx_word' id='word_1_91' title='bbox 212 1848 275 1911; x_wconf 93' lang='lat' dir='ltr'><strong>sibi</strong></span> <span class='ocrx_word' id='word_1_92' title='bbox 297 1849 410 1931; x_wconf 90' lang='lat' dir='ltr'><strong>potius</strong></span> <span class='ocrx_word' id='word_1_93' title='bbox 430 1847 728 1910; x_wconf 86' lang='lat' dir='ltr'><strong>accommodatum</strong></span> <span class='ocrx_word' id='word_1_94' title='bbox 742 1867 844 1929; x_wconf 93' lang='lat' dir='ltr'><strong>quam</strong></span> <span class='ocrx_word' id='word_1_95' title='bbox 858 1867 901 1908; x_wconf 90' lang='lat' dir='ltr'><strong>ex</strong></span> <span class='ocrx_word' id='word_1_96' title='bbox 914 1845 1060 1909; x_wconf 88' lang='lat' dir='ltr'><strong>utilitate</strong></span> <span class='ocrx_word' id='word_1_97' title='bbox 1073 1845 1245 1908; x_wconf 91' lang='lat' dir='ltr'><strong>communi</strong></span> <span class='ocrx_word' id='word_1_98' title='bbox 1260 1845 1405 1926; x_wconf 87' lang='lat' dir='ltr'><strong>egisset”</strong></span> 
     </span>
     <span class='ocr_line' id='line_1_14' title="bbox 212 1966 1377 2051; baseline -0.003 -20"><span class='ocrx_word' id='word_1_99' title='bbox 212 1969 362 2051; x_wconf 92' lang='lat' dir='ltr'><strong>corrupit</strong></span> <span class='ocrx_word' id='word_1_100' title='bbox 387 1969 444 2049; x_wconf 91' lang='lat' dir='ltr'><strong>qui</strong></span> <span class='ocrx_word' id='word_1_101' title='bbox 469 1968 736 2041; x_wconf 90' lang='lat' dir='ltr'><strong>annotationem,</strong></span> <span class='ocrx_word' id='word_1_102' title='bbox 763 1968 918 2049; x_wconf 91' lang='lat' dir='ltr'><strong>quamvis</strong></span> <span class='ocrx_word' id='word_1_103' title='bbox 946 1967 1160 2049; x_wconf 88' lang='lat' dir='ltr'><strong>prudentem,</strong></span> <span class='ocrx_word' id='word_1_104' title='bbox 1184 1966 1377 2028; x_wconf 90' lang='lat' dir='ltr'><strong>admiscuit.</strong></span> 
     </span>
    </p>

    <p class='ocr_par' dir='ltr' id='par_1_3' title="bbox 213 2085 1407 2292">
     <span class='ocr_line' id='line_1_15' title="bbox 258 2085 1407 2170; baseline -0.003 -19"><span class='ocrx_word' id='word_1_105' title='bbox 258 2089 312 2151; x_wconf 90' lang='lat' dir='ltr'><strong>Ex</strong></span> <span class='ocrx_word' id='word_1_106' title='bbox 324 2088 490 2152; x_wconf 82' lang='lat' dir='ltr'><strong>Historiis</strong></span> <span class='ocrx_word' id='word_1_107' title='bbox 502 2089 604 2151; x_wconf 90' lang='lat' dir='ltr'><strong>hosce</strong></span> <span class='ocrx_word' id='word_1_108' title='bbox 618 2088 815 2170; x_wconf 87' lang='lat' dir='ltr'><strong>praesertim</strong></span> <span class='ocrx_word' id='word_1_109' title='bbox 829 2088 922 2150; x_wconf 91' lang='lat' dir='ltr'><strong>locos</strong></span> <span class='ocrx_word' id='word_1_110' title='bbox 935 2087 1022 2150; x_wconf 92' lang='lat' dir='ltr'><strong>hanc</strong></span> <span class='ocrx_word' id='word_1_111' title='bbox 1036 2085 1187 2169; x_wconf 90' lang='lat' dir='ltr'><strong>flagitare</strong></span> <span class='ocrx_word' id='word_1_112' title='bbox 1201 2086 1407 2150; x_wconf 90' lang='lat' dir='ltr'><strong>medicinam</strong></span> 
     </span>
     <span class='ocr_line' id='line_1_16' title="bbox 213 2211 350 2292; baseline -0.015 -20"><span class='ocrx_word' id='word_1_113' title='bbox 213 2211 350 2292; x_wconf 90' lang='lat' dir='ltr'><strong>opinor:</strong></span> 
     </span>
    </p>

    <p class='ocr_par' dir='ltr' id='par_1_4' title="bbox 214 2325 1408 2651">
     <span class='ocr_line' id='line_1_17' title="bbox 260 2325 1407 2410; baseline -0.002 -20"><span class='ocrx_word' id='word_1_114' title='bbox 260 2328 303 2390; x_wconf 86' lang='lat' dir='ltr'><strong>H.</strong></span> <span class='ocrx_word' id='word_1_115' title='bbox 326 2329 350 2403; x_wconf 92' lang='lat' dir='ltr'><strong>I,</strong></span> <span class='ocrx_word' id='word_1_116' title='bbox 373 2345 401 2390; x_wconf 87' lang='lat'><strong>2.</strong></span> <span class='ocrx_word' id='word_1_117' title='bbox 422 2328 519 2390; x_wconf 89' lang='lat' dir='ltr'><strong>Brevi</strong></span> <span class='ocrx_word' id='word_1_118' title='bbox 533 2336 719 2410; x_wconf 91' lang='lat' dir='ltr'><strong>conspectu</strong></span> <span class='ocrx_word' id='word_1_119' title='bbox 734 2328 822 2391; x_wconf 87' lang='lat' dir='ltr'><strong>mala</strong></span> <span class='ocrx_word' id='word_1_120' title='bbox 834 2346 1046 2401; x_wconf 90' lang='lat' dir='ltr'><strong>enumerans,</strong></span> <span class='ocrx_word' id='word_1_121' title='bbox 1060 2325 1182 2408; x_wconf 91' lang='lat' dir='ltr'><strong>quibus</strong></span> <span class='ocrx_word' id='word_1_122' title='bbox 1195 2346 1237 2388; x_wconf 88' lang='lat' dir='ltr'><strong>eo</strong></span> <span class='ocrx_word' id='word_1_123' title='bbox 1250 2335 1407 2408; x_wconf 93' lang='lat' dir='ltr'><strong>tempore</strong></span> 
     </span>
     <span class='ocr_line' id='line_1_18' title="bbox 214 2445 1408 2530; baseline -0.002 -20"><span class='ocrx_word' id='word_1_124' title='bbox 214 2449 256 2510; x_wconf 91' lang='lat' dir='ltr'><strong>sit</strong></span> <span class='ocrx_word' id='word_1_125' title='bbox 275 2448 400 2511; x_wconf 89' lang='lat' dir='ltr'><strong>afflicta</strong></span> <span class='ocrx_word' id='word_1_126' title='bbox 419 2447 621 2530; x_wconf 92' lang='lat' dir='ltr'><strong>respublica,</strong></span> <span class='ocrx_word' id='word_1_127' title='bbox 640 2449 769 2528; x_wconf 91' lang='lat' dir='ltr'><strong>dequo</strong></span> <span class='ocrx_word' id='word_1_128' title='bbox 787 2449 853 2510; x_wconf 93' lang='lat' dir='ltr'><strong>iam</strong></span> <span class='ocrx_word' id='word_1_129' title='bbox 873 2448 916 2509; x_wconf 91' lang='lat' dir='ltr'><strong>sit</strong></span> <span class='ocrx_word' id='word_1_130' title='bbox 933 2448 1128 2529; x_wconf 91' lang='lat' dir='ltr'><strong>scripturus,</strong></span> <span class='ocrx_word' id='word_1_131' title='bbox 1142 2454 1176 2508; x_wconf 92' lang='lat' dir='ltr'><strong>et</strong></span> <span class='ocrx_word' id='word_1_132' title='bbox 1189 2445 1255 2509; x_wconf 90' lang='lat' dir='ltr'><strong>alia</strong></span> <span class='ocrx_word' id='word_1_133' title='bbox 1268 2445 1408 2509; x_wconf 88' lang='lat' dir='ltr'><strong>Tacitus</strong></span> 
     </span>
     <span class='ocr_line' id='line_1_19' title="bbox 214 2567 506 2651; baseline -0.003 -20"><span class='ocrx_word' id='word_1_134' title='bbox 214 2568 341 2651; x_wconf 85' lang='lat' dir='ltr'><strong>proiert</strong></span> <span class='ocrx_word' id='word_1_135' title='bbox 366 2576 400 2630; x_wconf 91' lang='lat' dir='ltr'><strong>et</strong></span> <span class='ocrx_word' id='word_1_136' title='bbox 424 2567 506 2630; x_wconf 93' lang='lat' dir='ltr'><strong>hoc:</strong></span> 
     </span>
    </p>

    <p class='ocr_par' dir='ltr' id='par_1_5' title="bbox 263 2685 1245 2768">
     <span class='ocr_line' id='line_1_20' title="bbox 263 2685 1245 2768; baseline 0.001 -20"><span class='ocrx_word' id='word_1_137' title='bbox 263 2687 401 2767; x_wconf 84' lang='lat' dir='ltr'><strong>„hausta</strong></span> <span class='ocrx_word' id='word_1_138' title='bbox 427 2696 485 2749; x_wconf 93' lang='lat' dir='ltr'><strong>aut</strong></span> <span class='ocrx_word' id='word_1_139' title='bbox 512 2687 634 2749; x_wconf 91' lang='lat' dir='ltr'><strong>obruta</strong></span> <span class='ocrx_word' id='word_1_140' title='bbox 658 2686 897 2749; x_wconf 84' lang='lat' dir='ltr'><strong>secundissima</strong></span> <span class='ocrx_word' id='word_1_141' title='bbox 922 2685 1129 2768; x_wconf 86' lang='lat' dir='ltr'><strong>Campaniae</strong></span> <span class='ocrx_word' id='word_1_142' title='bbox 1153 2685 1245 2749; x_wconf 88' lang='lat' dir='ltr'><strong>ora.”</strong></span> 
     </span>
    </p>

    <p class='ocr_par' dir='ltr' id='par_1_6' title="bbox 214 2806 1410 3486">
     <span class='ocr_line' id='line_1_21' title="bbox 259 2806 1409 2889; baseline -0.003 -18"><span class='ocrx_word' id='word_1_143' title='bbox 259 2806 381 2871; x_wconf 88' lang='lat' dir='ltr'><strong>Statim</strong></span> <span class='ocrx_word' id='word_1_144' title='bbox 415 2807 496 2869; x_wconf 93' lang='lat' dir='ltr'><strong>dedi</strong></span> <span class='ocrx_word' id='word_1_145' title='bbox 528 2806 650 2881; x_wconf 91' lang='lat' dir='ltr'><strong>locum,</strong></span> <span class='ocrx_word' id='word_1_146' title='bbox 683 2808 769 2868; x_wconf 91' lang='lat' dir='ltr'><strong>sicut</strong></span> <span class='ocrx_word' id='word_1_147' title='bbox 795 2826 911 2868; x_wconf 92' lang='lat' dir='ltr'><strong>revera</strong></span> <span class='ocrx_word' id='word_1_148' title='bbox 935 2827 955 2868; x_wconf 95' lang='lat' dir='ltr'><strong>a</strong></span> <span class='ocrx_word' id='word_1_149' title='bbox 979 2806 1101 2870; x_wconf 87' lang='lat' dir='ltr'><strong>Tacito</strong></span> <span class='ocrx_word' id='word_1_150' title='bbox 1126 2816 1177 2869; x_wconf 92' lang='lat' dir='ltr'><strong>est</strong></span> <span class='ocrx_word' id='word_1_151' title='bbox 1203 2808 1350 2889; x_wconf 93' lang='lat' dir='ltr'><strong>scriptus</strong></span> <span class='ocrx_word' id='word_1_152' title='bbox 1375 2814 1409 2868; x_wconf 90' lang='lat' dir='ltr'><strong>et</strong></span> 
     </span>
     <span class='ocr_line' id='line_1_22' title="bbox 214 2925 1410 3001; baseline -0.001 -13"><span class='ocrx_word' id='word_1_153' title='bbox 214 2928 300 2989; x_wconf 90' lang='lat' dir='ltr'><strong>sicut</strong></span> <span class='ocrx_word' id='word_1_154' title='bbox 331 2947 408 2988; x_wconf 92' lang='lat' dir='ltr'><strong>eum</strong></span> <span class='ocrx_word' id='word_1_155' title='bbox 434 2925 630 2989; x_wconf 87' lang='lat' dir='ltr'><strong>Woelfflinii</strong></span> <span class='ocrx_word' id='word_1_156' title='bbox 655 2926 801 2988; x_wconf 92' lang='lat' dir='ltr'><strong>restituit</strong></span> <span class='ocrx_word' id='word_1_157' title='bbox 825 2945 985 3001; x_wconf 90' lang='lat' dir='ltr'><strong>acumen;</strong></span> <span class='ocrx_word' id='word_1_158' title='bbox 1010 2926 1195 2989; x_wconf 90' lang='lat' dir='ltr'><strong>admodum</strong></span> <span class='ocrx_word' id='word_1_159' title='bbox 1222 2926 1313 2988; x_wconf 89' lang='lat' dir='ltr'><strong>enim</strong></span> <span class='ocrx_word' id='word_1_160' title='bbox 1339 2946 1410 2989; x_wconf 91' lang='lat' dir='ltr'><strong>cor·</strong></span> 
     </span>
     <span class='ocr_line' id='line_1_23' title="bbox 215 3044 1410 3128; baseline 0 -20"><span class='ocrx_word' id='word_1_161' title='bbox 215 3054 351 3128; x_wconf 90' lang='lat' dir='ltr'><strong>ruptum</strong></span> <span class='ocrx_word' id='word_1_162' title='bbox 384 3067 461 3109; x_wconf 91' lang='lat' dir='ltr'><strong>eum</strong></span> <span class='ocrx_word' id='word_1_163' title='bbox 494 3045 633 3107; x_wconf 88' lang='lat' dir='ltr'><strong>exhibet</strong></span> <span class='ocrx_word' id='word_1_164' title='bbox 657 3045 768 3107; x_wconf 89' lang='lat' dir='ltr'><strong>codex</strong></span> <span class='ocrx_word' id='word_1_165' title='bbox 794 3045 979 3108; x_wconf 85' lang='lat' dir='ltr'><strong>Mediceus.</strong></span> <span class='ocrx_word' id='word_1_166' title='bbox 1016 3044 1153 3109; x_wconf 90' lang='lat' dir='ltr'><strong>Scilicet</strong></span> <span class='ocrx_word' id='word_1_167' title='bbox 1177 3045 1295 3120; x_wconf 90' lang='lat' dir='ltr'><strong>lector,</strong></span> <span class='ocrx_word' id='word_1_168' title='bbox 1321 3066 1410 3128; x_wconf 90' lang='lat' dir='ltr'><strong>quae</strong></span> 
     </span>
     <span class='ocr_line' id='line_1_24' title="bbox 215 3164 1408 3248; baseline 0 -20"><span class='ocrx_word' id='word_1_169' title='bbox 215 3167 258 3228; x_wconf 91' lang='lat' dir='ltr'><strong>de</strong></span> <span class='ocrx_word' id='word_1_170' title='bbox 288 3166 423 3228; x_wconf 80' lang='lat' dir='ltr'><strong>urbibus</strong></span> <span class='ocrx_word' id='word_1_171' title='bbox 448 3165 617 3248; x_wconf 91' lang='lat' dir='ltr'><strong>Pompeiis</strong></span> <span class='ocrx_word' id='word_1_172' title='bbox 642 3165 926 3246; x_wconf 89' lang='lat' dir='ltr'><strong>Herculaneoque</strong></span> <span class='ocrx_word' id='word_1_173' title='bbox 951 3164 1070 3228; x_wconf 90' lang='lat' dir='ltr'><strong>dirutis</strong></span> <span class='ocrx_word' id='word_1_174' title='bbox 1093 3166 1229 3247; x_wconf 86' lang='lat' dir='ltr'><strong>cognita</strong></span> <span class='ocrx_word' id='word_1_175' title='bbox 1254 3165 1408 3240; x_wconf 91' lang='lat' dir='ltr'><strong>haberet,</strong></span> 
     </span>
     <span class='ocr_line' id='line_1_25' title="bbox 215 3284 1407 3367; baseline -0.001 -19"><span class='ocrx_word' id='word_1_176' title='bbox 215 3306 291 3348; x_wconf 91' lang='lat' dir='ltr'><strong>cum</strong></span> <span class='ocrx_word' id='word_1_177' title='bbox 310 3286 376 3347; x_wconf 93' lang='lat' dir='ltr'><strong>sibi</strong></span> <span class='ocrx_word' id='word_1_178' title='bbox 399 3286 543 3347; x_wconf 89' lang='lat' dir='ltr'><strong>retinere</strong></span> <span class='ocrx_word' id='word_1_179' title='bbox 565 3305 632 3347; x_wconf 92' lang='lat' dir='ltr'><strong>non</strong></span> <span class='ocrx_word' id='word_1_180' title='bbox 654 3294 778 3367; x_wconf 91' lang='lat' dir='ltr'><strong>posset,</strong></span> <span class='ocrx_word' id='word_1_181' title='bbox 800 3305 895 3348; x_wconf 91' lang='lat' dir='ltr'><strong>suum</strong></span> <span class='ocrx_word' id='word_1_182' title='bbox 918 3286 1014 3348; x_wconf 82' lang='lat' dir='ltr'><strong>urbes</strong></span> <span class='ocrx_word' id='word_1_183' title='bbox 1033 3284 1172 3360; x_wconf 86' lang='lat' dir='ltr'><strong>infersit,</strong></span> <span class='ocrx_word' id='word_1_184' title='bbox 1194 3305 1263 3367; x_wconf 92' lang='lat' dir='ltr'><strong>quo</strong></span> <span class='ocrx_word' id='word_1_185' title='bbox 1280 3285 1407 3348; x_wconf 80' lang='lat' dir='ltr'><strong>iactum</strong></span> 
     </span>
     <span class='ocr_line' id='line_1_26' title="bbox 215 3404 1408 3486; baseline 0.001 -20"><span class='ocrx_word' id='word_1_186' title='bbox 215 3414 266 3467; x_wconf 90' lang='lat' dir='ltr'><strong>est</strong></span> <span class='ocrx_word' id='word_1_187' title='bbox 285 3414 322 3466; x_wconf 93' lang='lat' dir='ltr'><strong>ut</strong></span> <span class='ocrx_word' id='word_1_188' title='bbox 341 3425 417 3467; x_wconf 91' lang='lat' dir='ltr'><strong>cum</strong></span> <span class='ocrx_word' id='word_1_189' title='bbox 435 3404 634 3486; x_wconf 84' lang='lat' dir='ltr'><strong>gravissimo</strong></span> <span class='ocrx_word' id='word_1_190' title='bbox 653 3406 843 3467; x_wconf 89' lang='lat' dir='ltr'><strong>sententiae</strong></span> <span class='ocrx_word' id='word_1_191' title='bbox 863 3405 1080 3480; x_wconf 89' lang='lat' dir='ltr'><strong>detrimento,</strong></span> <span class='ocrx_word' id='word_1_192' title='bbox 1098 3424 1174 3467; x_wconf 91' lang='lat' dir='ltr'><strong>cum</strong></span> <span class='ocrx_word' id='word_1_193' title='bbox 1189 3424 1408 3468; x_wconf 90' lang='lat' dir='ltr'><strong>numerorum</strong></span> 
     </span>
    </p>
   </div>
   <div class='ocr_carea' id='block_1_3' title="bbox 215 3514 1410 3606">
    <p class='ocr_par' dir='ltr' id='par_1_7' title="bbox 215 3514 1410 3606">
     <span class='ocr_line' id='line_1_27' title="bbox 215 3514 1410 3606; baseline 0.003 -21"><span class='ocrx_word' id='word_1_194' title='bbox 215 3523 432 3586; x_wconf 91' lang='lat' dir='ltr'><strong>Taciteorum</strong></span> <span class='ocrx_word' id='word_1_195' title='bbox 447 3525 596 3606; x_wconf 89' lang='lat' dir='ltr'><strong>pernicie</strong></span> <span class='ocrx_word' id='word_1_196' title='bbox 609 3514 688 3587; x_wconf 88' lang='lat' dir='ltr'><strong>ante</strong></span> <span class='ocrx_word' id='word_1_197' title='bbox 700 3524 941 3586; x_wconf 87' lang='lat' dir='ltr'><strong>Woelfflinium</strong></span> <span class='ocrx_word' id='word_1_198' title='bbox 951 3524 1053 3605; x_wconf 86' lang='lat' dir='ltr'><strong>vulgo</strong></span> <span class='ocrx_word' id='word_1_199' title='bbox 1063 3524 1232 3586; x_wconf 89' lang='lat' dir='ltr'><strong>ederetur:</strong></span> <span class='ocrx_word' id='word_1_200' title='bbox 1248 3524 1410 3604; x_wconf 86' lang='lat' dir='ltr'><strong>,haustae</strong></span> 
     </span>
    </p>
   </div>
   <div class='ocr_carea' id='block_1_4' title="bbox 215 3641 1414 4443">
    <p class='ocr_par' dir='ltr' id='par_1_8' title="bbox 215 3641 1177 3726">
     <span class='ocr_line' id='line_1_28' title="bbox 215 3641 1177 3726; baseline -0.001 -21"><span class='ocrx_word' id='word_1_201' title='bbox 215 3652 273 3705; x_wconf 89' lang='lat' dir='ltr'><strong>aut</strong></span> <span class='ocrx_word' id='word_1_202' title='bbox 298 3644 440 3706; x_wconf 89' lang='lat' dir='ltr'><strong>obrutae</strong></span> <span class='ocrx_word' id='word_1_203' title='bbox 466 3644 565 3705; x_wconf 89' lang='lat' dir='ltr'><strong>urbes</strong></span> <span class='ocrx_word' id='word_1_204' title='bbox 591 3642 830 3705; x_wconf 82' lang='lat' dir='ltr'><strong>fecundissima</strong></span> <span class='ocrx_word' id='word_1_205' title='bbox 855 3643 1063 3726; x_wconf 89' lang='lat' dir='ltr'><strong>Campaniae</strong></span> <span class='ocrx_word' id='word_1_206' title='bbox 1087 3641 1177 3705; x_wconf 91' lang='lat' dir='ltr'><strong>ora.”</strong></span> 
     </span>
    </p>

    <p class='ocr_par' dir='ltr' id='par_1_9' title="bbox 217 3761 1414 3964">
     <span class='ocr_line' id='line_1_29' title="bbox 261 3761 1414 3845; baseline 0.002 -22"><span class='ocrx_word' id='word_1_207' title='bbox 261 3762 304 3824; x_wconf 92' lang='lat' dir='ltr'><strong>H.</strong></span> <span class='ocrx_word' id='word_1_208' title='bbox 331 3763 355 3838; x_wconf 93' lang='lat' dir='ltr'><strong>l,</strong></span> <span class='ocrx_word' id='word_1_209' title='bbox 384 3778 412 3842; x_wconf 83' lang='lat'><strong>5.</strong></span> <span class='ocrx_word' id='word_1_210' title='bbox 438 3763 490 3823; x_wconf 93' lang='lat' dir='ltr'><strong>De</strong></span> <span class='ocrx_word' id='word_1_211' title='bbox 515 3761 623 3824; x_wconf 90' lang='lat' dir='ltr'><strong>Galba</strong></span> <span class='ocrx_word' id='word_1_212' title='bbox 648 3762 703 3824; x_wconf 91' lang='lat' dir='ltr'><strong>alii</strong></span> <span class='ocrx_word' id='word_1_213' title='bbox 729 3762 859 3844; x_wconf 90' lang='lat' dir='ltr'><strong>optima</strong></span> <span class='ocrx_word' id='word_1_214' title='bbox 879 3782 1035 3845; x_wconf 90' lang='lat' dir='ltr'><strong>quaeque</strong></span> <span class='ocrx_word' id='word_1_215' title='bbox 1054 3762 1317 3845; x_wconf 87' lang='lat' dir='ltr'><strong>augurabantur,</strong></span> <span class='ocrx_word' id='word_1_216' title='bbox 1339 3764 1414 3826; x_wconf 90' lang='lat' dir='ltr'><strong>aliis</strong></span> 
     </span>
     <span class='ocr_line' id='line_1_30' title="bbox 217 3883 914 3964; baseline 0 -19"><span class='ocrx_word' id='word_1_217' title='bbox 217 3883 309 3964; x_wconf 88' lang='lat' dir='ltr'><strong>ipsae</strong></span> <span class='ocrx_word' id='word_1_218' title='bbox 336 3883 476 3943; x_wconf 89' lang='lat' dir='ltr'><strong>virtutes</strong></span> <span class='ocrx_word' id='word_1_219' title='bbox 501 3883 572 3943; x_wconf 91' lang='lat' dir='ltr'><strong>eius</strong></span> <span class='ocrx_word' id='word_1_220' title='bbox 596 3890 776 3963; x_wconf 89' lang='lat' dir='ltr'><strong>suspectae</strong></span> <span class='ocrx_word' id='word_1_221' title='bbox 802 3891 914 3945; x_wconf 89' lang='lat' dir='ltr'><strong>erant:</strong></span> 
     </span>
    </p>

    <p class='ocr_par' dir='ltr' id='par_1_10' title="bbox 215 3998 1414 4443">
     <span class='ocr_line' id='line_1_31' title="bbox 264 3998 1414 4080; baseline 0.002 -19"><span class='ocrx_word' id='word_1_222' title='bbox 264 4000 440 4080; x_wconf 83' lang='lat' dir='ltr'><strong>„Laudata</strong></span> <span class='ocrx_word' id='word_1_223' title='bbox 473 3998 553 4062; x_wconf 92' lang='lat' dir='ltr'><strong>olim</strong></span> <span class='ocrx_word' id='word_1_224' title='bbox 586 4009 619 4062; x_wconf 94' lang='lat' dir='ltr'><strong>et</strong></span> <span class='ocrx_word' id='word_1_225' title='bbox 653 4000 790 4063; x_wconf 92' lang='lat' dir='ltr'><strong>militari</strong></span> <span class='ocrx_word' id='word_1_226' title='bbox 824 4001 913 4063; x_wconf 88' lang='lat' dir='ltr'><strong>sama</strong></span> <span class='ocrx_word' id='word_1_227' title='bbox 942 4000 1114 4063; x_wconf 89' lang='lat' dir='ltr'><strong>celebrata</strong></span> <span class='ocrx_word' id='word_1_228' title='bbox 1145 4001 1308 4063; x_wconf 88' lang='lat' dir='ltr'><strong>severitas</strong></span> <span class='ocrx_word' id='word_1_229' title='bbox 1340 4002 1414 4064; x_wconf 90' lang='lat' dir='ltr'><strong>eius</strong></span> 
     </span>
     <span class='ocr_line' id='line_1_32' title="bbox 215 4120 1413 4203; baseline 0 -20"><span class='ocrx_word' id='word_1_230' title='bbox 215 4120 365 4201; x_wconf 89' lang='lat' dir='ltr'><strong>angebat</strong></span> <span class='ocrx_word' id='word_1_231' title='bbox 391 4129 611 4201; x_wconf 89' lang='lat' dir='ltr'><strong>aspernantes</strong></span> <span class='ocrx_word' id='word_1_232' title='bbox 636 4129 788 4182; x_wconf 89' lang='lat' dir='ltr'><strong>veterem</strong></span> <span class='ocrx_word' id='word_1_233' title='bbox 810 4121 1022 4203; x_wconf 89' lang='lat' dir='ltr'><strong>disciplinam</strong></span> <span class='ocrx_word' id='word_1_234' title='bbox 1043 4128 1147 4202; x_wconf 91' lang='lat' dir='ltr'><strong>atque</strong></span> <span class='ocrx_word' id='word_1_235' title='bbox 1168 4121 1214 4182; x_wconf 88' lang='lat' dir='ltr'><strong>ita</strong></span> <span class='ocrx_word' id='word_1_236' title='bbox 1234 4129 1413 4202; x_wconf 90' lang='lat' dir='ltr'><strong>quattuor-</strong></span> 
     </span>
     <span class='ocr_line' id='line_1_33' title="bbox 216 4239 1412 4315; baseline 0.002 -14"><span class='ocrx_word' id='word_1_237' title='bbox 216 4240 328 4302; x_wconf 91' lang='lat' dir='ltr'><strong>decim</strong></span> <span class='ocrx_word' id='word_1_238' title='bbox 363 4239 459 4301; x_wconf 92' lang='lat' dir='ltr'><strong>annis</strong></span> <span class='ocrx_word' id='word_1_239' title='bbox 495 4260 514 4301; x_wconf 90' lang='lat' dir='ltr'><strong>a</strong></span> <span class='ocrx_word' id='word_1_240' title='bbox 551 4240 688 4302; x_wconf 90' lang='lat' dir='ltr'><strong>Nerone</strong></span> <span class='ocrx_word' id='word_1_241' title='bbox 724 4239 947 4315; x_wconf 84' lang='lat' dir='ltr'><strong>assuefactos,</strong></span> <span class='ocrx_word' id='word_1_242' title='bbox 982 4250 1019 4302; x_wconf 94' lang='lat' dir='ltr'><strong>ut</strong></span> <span class='ocrx_word' id='word_1_243' title='bbox 1055 4240 1144 4303; x_wconf 92' lang='lat' dir='ltr'><strong>haud</strong></span> <span class='ocrx_word' id='word_1_244' title='bbox 1181 4241 1293 4302; x_wconf 91' lang='lat' dir='ltr'><strong>minus</strong></span> <span class='ocrx_word' id='word_1_245' title='bbox 1327 4241 1412 4303; x_wconf 89' lang='lat' dir='ltr'><strong>vitia</strong></span> 
     </span>
     <span class='ocr_line' id='line_1_34' title="bbox 216 4359 1259 4443; baseline 0.002 -23"><span class='ocrx_word' id='word_1_246' title='bbox 216 4360 407 4442; x_wconf 90' lang='lat' dir='ltr'><strong>principum</strong></span> <span class='ocrx_word' id='word_1_247' title='bbox 432 4368 596 4434; x_wconf 89' lang='lat' dir='ltr'><strong>amarent,</strong></span> <span class='ocrx_word' id='word_1_248' title='bbox 622 4380 724 4443; x_wconf 91' lang='lat' dir='ltr'><strong>quam</strong></span> <span class='ocrx_word' id='word_1_249' title='bbox 750 4359 832 4421; x_wconf 92' lang='lat' dir='ltr'><strong>olim</strong></span> <span class='ocrx_word' id='word_1_250' title='bbox 857 4361 998 4422; x_wconf 91' lang='lat' dir='ltr'><strong>virtutes</strong></span> <span class='ocrx_word' id='word_1_251' title='bbox 1022 4359 1259 4423; x_wconf 88' lang='lat' dir='ltr'><strong>verebantur.”</strong></span> 
     </span>
    </p>
   </div>
   <div class='ocr_carea' id='block_1_5' title="bbox 0 0 1661 5280">
    <p class='ocr_par' dir='ltr' id='par_1_11' title="bbox 0 0 1661 5280">
     <span class='ocr_line' id='line_1_35' title="bbox 0 0 1661 5280; baseline 0 0"><span class='ocrx_word' id='word_1_252' title='bbox 0 0 1661 5280; x_wconf 95' lang='lat' dir='ltr'><strong> </strong></span> 
     </span>
    </p>
   </div>
  </div>
 </body>
</html>
