3210 5274
774 345 814 389 22

199 510 291 589 quod
312 517 426 571 tamen
449 508 566 590 proavi
584 508 826 571 Demosthenis
839 517 908 571 tam
923 530 1022 590 aegre
1035 508 1184 584 tulerint,
1198 529 1239 571 eo
1248 510 1397 592 gravior

198 627 236 689 fit
260 602 360 690 causa
383 647 442 689 cur
466 626 619 689 hodierni
641 624 869 689 Athenienses
889 627 1054 690 hodierno
1074 628 1144 709 regi
1167 627 1396 690 Macedonum

199 747 296 808 irasci
328 746 477 808 debeant
507 745 692 807 amicitiam
725 767 841 808 eornm
874 748 1016 829 petenti.
1044 746 1094 809 At
1118 747 1263 829 logicam
1287 756 1396 810 artem

200 885 310 946 neque
334 866 406 946 ipse
430 871 524 926 curat
550 864 800 926 Demosthenes
825 885 934 946 neque
955 873 1148 927 curaturum
1169 872 1268 946 putat
1288 885 1397 947 popu·

200 982 269 1044 lum
304 1002 406 1064 quem
437 973 630 1063 alloquitur.
664 983 711 1046 Ut
744 983 834 1044 enim
866 991 917 1045 est
949 982 1089 1045 callidus
1121 1003 1249 1064 usuque
1275 984 1397 1046 doctus

201 1101 390 1163 animorum
415 1099 627 1181 popularium
653 1101 765 1174 iudex,
790 1101 885 1162 novit
909 1121 944 1163 se
969 1121 1010 1164 eo
1031 1121 1098 1183 quo
1119 1102 1249 1175 tendat,
1271 1122 1397 1183 nempe

201 1228 238 1281 ut
262 1217 491 1281 Athenienses
515 1219 548 1279 in
574 1218 767 1301 Philippum
792 1219 963 1294 incendat,
987 1220 1117 1301 optime
1142 1228 1396 1302 perventurum,

201 1339 227 1399 si
261 1357 363 1419 quam
395 1338 539 1420 plurima
570 1337 706 1419 colligat
738 1338 905 1401 vocabula
935 1340 1004 1401 irae
1035 1340 1067 1401 in
1094 1339 1302 1401 Macedones
1327 1359 1397 1401 mo-

201 1458 333 1519 vendae
357 1456 471 1538 apta”.

248 1577 429 1657 Equidem,
451 1595 493 1637 ne
513 1576 595 1657 quid
617 1575 835 1651 dissimulem,
857 1576 1001 1638 Pollium
1022 1576 1265 1639 Demosthenis
1285 1576 1397 1640 locum

202 1695 322 1759 leviter
352 1696 535 1758 detorsisse
567 1703 650 1777 puto
683 1714 751 1776 quo
782 1714 843 1757 suo
871 1695 968 1758 fieret
992 1695 1168 1777 proposito
1191 1696 1314 1777 aptior,
1338 1697 1397 1758 sed

203 1813 300 1876 facile
333 1814 396 1876 hoc
428 1814 575 1888 ferimuS,
605 1813 766 1895 quoniam
790 1815 837 1876 sic
862 1834 979 1876 revera
1003 1814 1049 1876 illi
1073 1815 1268 1897 aptissimus
1291 1814 1398 1877 lactus

204 1941 264 2006 est,
297 1939 331 1994 et
355 1931 516 2013 quoniam
541 1933 614 2013 ipsa
637 1951 699 2006 res,
725 1951 827 2013 quam
853 1932 977 1994 Pollius
1001 1934 1112 2008 docet,
1137 1942 1189 1996 est
1213 1934 1398 1996 verissima.

204 2051 243 2113 In
275 2051 476 2132 quotidiano
506 2070 672 2125 sermone,
705 2052 732 2112 si
765 2050 786 2112 ii
819 2033 904 2132 quos
931 2051 1134 2133 alloquimur
1156 2051 1271 2134 aliquo
1296 2053 1399 2116 modo

204 2177 282 2232 sunt
313 2169 491 2244 afficiendi,
524 2189 626 2251 saepe
657 2189 759 2250 quam
792 2169 937 2251 plurima
959 2170 1125 2233 vocabula
1149 2190 1400 2245 coacervamus,

205 2307 292 2368 quae
316 2286 362 2348 illi
387 2287 522 2350 affectui
546 2296 624 2350 sunt
648 2296 804 2369 cognata,
829 2289 1045 2350 immemores
1069 2289 1116 2351 sic
1138 2308 1200 2350 nos
1220 2309 1323 2370 saepe
1344 2290 1401 2351 de·

206 2406 461 2468 monstrationis
496 2414 630 2468 nostrae
667 2407 735 2469 vim
771 2406 960 2470 debilitare.
997 2407 1098 2469 Dabo
1130 2407 1328 2489 exemplum
1359 2428 1402 2470 ex

205 2527 278 2607 ipsa
309 2525 379 2588 vita
408 2534 592 2606 sumptum,
624 2526 716 2607 quod
746 2528 881 2608 egregie
912 2527 1110 2609 popularem
1135 2526 1228 2590 illum
1253 2548 1402 2592 errorem

205 2645 297 2726 (nam
329 2664 421 2706 error
445 2644 619 2707 vocandus
643 2654 695 2707 est
718 2645 744 2707 si
770 2645 896 2727 logices
920 2646 1085 2709 habemus
1109 2648 1289 2729 rationem)
1315 2647 1403 2710 illus·

205 2772 294 2826 trare
314 2764 480 2831 videatur.
502 2763 574 2825 Nos
593 2764 620 2825 si
640 2765 753 2826 dicere
774 2763 929 2826 volumus
949 2763 1122 2827 hominem
1143 2765 1293 2847 aliquem
1306 2766 1403 2829 lenis·

205 2882 328 2943 simum
360 2901 433 2943 esse
465 2881 759 2962 mitissimumque,
791 2903 893 2964 saepe
921 2883 968 2944 sic
993 2883 1036 2946 de
1061 2903 1102 2946 eo
1126 2883 1313 2966 loquimur:
1343 2905 1403 2965 ,ne

207 3021 348 3082 puerum
369 3000 508 3081 quidem
528 2998 663 3063 laeserit
680 3000 757 3063 ille”
772 3001 826 3064 vel
843 3022 903 3081 „ne
916 3001 1061 3083 gallinae
1074 3003 1214 3084 quidem
1227 3002 1403 3067 nocuerit”

206 3119 260 3182 vel
295 3141 357 3199 ,ne
389 3139 538 3182 muscam
570 3120 709 3201 quidem
740 3117 935 3182 occiderit”.
966 3120 1100 3183 Revera
1122 3130 1312 3184 extremam
1337 3122 1402 3185 cle-

207 3240 369 3301 mentiam
389 3238 633 3321 lenitatemque
654 3239 705 3302 his
725 3239 837 3301 verbis
855 3260 917 3302 non
938 3239 1169 3303 describimus
1191 3240 1309 3304 Potest
1329 3261 1402 3304 esse

206 3356 326 3438 aliquis
351 3358 535 3420 admodum
559 3357 704 3421 crudelis
727 3366 762 3420 et
785 3366 900 3420 tamen
925 3378 994 3420 non
1018 3360 1139 3421 eadem
1165 3379 1233 3441 qua
1256 3360 1403 3423 Domiti·

206 3494 290 3537 anus
320 3495 355 3537 re
386 3474 565 3551 delectari;
597 3485 712 3558 potest
743 3496 815 3539 esse
847 3478 949 3539 durus
978 3497 1089 3559 neque
1112 3487 1228 3542 tamen
1252 3499 1402 3562 unquam

206 3593 347 3675 gallinas
379 3594 548 3677 lapidibus
581 3596 754 3677 persequi3
784 3616 903 3658 canem
927 3615 1029 3678 saepe
1055 3598 1250 3660 mordacem
1274 3596 1404 3662 laudari

207 3713 371 3787 audimus,
404 3713 494 3795 apud
526 3733 628 3795 quem
660 3721 774 3776 tamen
807 3715 953 3777 infantes
983 3716 1048 3779 tuti
1077 3717 1154 3779 sint.
1180 3714 1259 3791 Sed,
1285 3716 1334 3779 ita
1358 3715 1406 3779 lo·

207 3840 360 3914 quenteS,
398 3831 517 3913 plenos
552 3852 625 3895 esse
659 3833 870 3897 audientium
904 3835 1037 3897 animos
1069 3835 1223 3916 cupimus
1253 3833 1406 3899 lenitatis

208 3949 476 4032 clementiaeque
507 3951 673 4033 imaginis,
706 3952 808 4034 igitur
832 3954 874 4015 de
899 3973 1004 4034 puero
1028 3952 1197 4034 loquimur
1221 3953 1405 4030 imbecillo,

208 4069 251 4130 de
282 4067 416 4150 gallina,
449 4069 600 4132 omnium
633 4070 827 4133 animalium
860 4071 1005 4134 innocua
1038 4071 1195 4147 maxime,
1220 4072 1263 4135 de
1288 4092 1405 4137 musca

209 4186 337 4248 minimi
370 4188 538 4268 corporis;
571 4208 681 4269 neque
714 4190 892 4270 quisquam
917 4210 1066 4271 unquam
1091 4199 1162 4253 tarn
1186 4190 1248 4254 suit
1272 4191 1403 4274 logicae

209 4306 301 4367 dicto
332 4306 483 4381 audiens,
515 4315 552 4368 ut
583 4307 710 4389 vulgari
743 4307 914 4370 locutione
945 4310 1070 4371 omissa
1100 4329 1162 4389 ,ne
1185 4310 1309 4392 tigridi
1332 4311 1403 4392 qui·
