3210 5274
769 406 832 473 217

251 568 407 648 „Nomen
427 577 510 651 aput
533 577 665 631 veteres
686 571 787 644 idem,
809 573 868 634 sed
890 571 954 633 alia
975 571 1008 632 in
1023 570 1182 633 iudicium
1196 568 1397 631 veniebant:

201 689 229 750 si
250 688 326 770 quis
347 688 540 770 proditione
560 690 748 751 exercitum
768 698 827 752 aut
847 689 982 771 plebem
1003 689 1237 763 seditionibus
1251 689 1398 770 denique

204 808 293 871 male
318 829 352 870 re
376 817 473 890 gesta
497 809 711 872 maiestatem
735 810 853 893 populi
880 810 1024 872 Romani
1050 807 1257 871 minuisset.”

250 927 406 1009 Figurae,
430 948 518 1010 quae
532 949 673 1010 zeugma
686 930 820 1001 dicitur,
834 929 888 992 hic
903 949 964 991 nos
976 931 1163 991 admonent
1176 928 1398 1009 grammatici,

204 1067 316 1129 neque
337 1067 404 1129 ego
426 1068 514 1130 nego
535 1069 553 1110 e
574 1050 743 1112 minuendi
762 1050 867 1112 verbo
883 1048 973 1111 aliud
988 1047 1120 1110 extrahi
1134 1067 1233 1128 posse
1247 1047 1397 1121 verbum,

204 1169 298 1248 quod
322 1167 437 1250 aliquo
462 1170 566 1231 modo
595 1169 823 1249 „exercitum”
847 1168 1019 1230 obiectum
1041 1167 1166 1230 habere
1188 1168 1304 1249 possit.
1331 1166 1397 1231 Sed

204 1288 287 1369 quid
312 1289 508 1351 accusativo
522 1289 648 1372 plebem
669 1287 851 1352 iaciamus?
875 1288 975 1352 Certe
991 1288 1115 1371 plebem
1137 1288 1284 1350 minuere
1305 1285 1398 1349 nihili

204 1415 267 1481 est,
288 1409 444 1489 quamvis
466 1409 608 1471 verbum
628 1408 711 1471 illud
733 1409 766 1471 in
787 1408 890 1471 alium
910 1428 1057 1482 sensum,
1078 1408 1135 1489 qui
1156 1416 1271 1469 tamen
1284 1406 1398 1488 aliquo

206 1529 310 1590 modo
329 1529 466 1591 innatae
479 1511 718 1610 significationi
732 1537 896 1611 cognatus
909 1530 961 1603 sit,
977 1530 1249 1609 detorqueamus.
1265 1527 1398 1589 Deinde

205 1655 279 1710 tota
310 1648 376 1711 loci
408 1649 598 1712 enuntiatio
631 1650 796 1711 eiusmodi
829 1658 881 1711 est
911 1658 949 1711 ut
967 1648 1061 1731 plebs
1084 1656 1118 1710 et
1141 1649 1306 1711 exercitus
1330 1668 1398 1710 non

207 1766 388 1830 videantur
411 1769 528 1851 populi
554 1770 701 1832 Romani
722 1778 853 1851 partes:
875 1769 1002 1830 etenim
1023 1787 1239 1849 quocumque
1259 1768 1399 1829 tandem

207 1888 312 1951 modo
332 1889 501 1952 minuendi
519 1888 662 1951 verbum
683 1887 851 1952 flectimus
871 1889 1112 1969 vertimusque,
1127 1887 1191 1949 hoc
1205 1896 1400 1968 spectantes

206 2015 243 2068 ut
263 2015 334 2069 tam
352 2007 442 2089 plebs
461 2016 496 2070 et
516 2009 681 2072 exercitus
700 2028 803 2088 quam
824 2009 979 2071 mm'estas
1000 2015 1091 2070 recte
1112 2009 1218 2069 minui
1235 2008 1400 2080 dicantur,

206 2127 406 2188 adverbium
438 2127 575 2208 denique
604 2136 696 2211 certe
729 2148 796 2190 non
829 2137 942 2210 potest
974 2127 1071 2189 aliter
1094 2127 1201 2208 accipi
1226 2146 1327 2206 quam
1352 2127 1399 2187 sic

180 2265 183 2269 ’
208 2255 244 2308 ut
265 2266 334 2307 non
354 2247 646 2328 comprehendendi
665 2246 878 2329 („kortom”),
900 2248 959 2309 sed
982 2247 1155 2309 claudendi
1171 2243 1399 2324 (,eindelijk”)

210 2365 279 2428 vim
304 2364 440 2428 habeat.
468 2366 551 2429 Mihi
576 2367 650 2429 luce
675 2367 795 2429 clarius
819 2368 953 2429 videtur
974 2366 1007 2428 et
1027 2367 1207 2428 exercitum
1228 2365 1262 2426 et
1277 2364 1401 2447 plebem

209 2486 291 2548 olim
312 2484 412 2548 luisse
432 2487 673 2549 annotationes
694 2486 849 2561 hominis,
870 2487 928 2567 qui
942 2506 983 2548 ne
998 2484 1239 2548 vocabulorum
1253 2485 1402 2566 quidem,
1460 2499 1464 2507 '

209 2624 298 2686 quae
330 2613 409 2667 sunt
435 2606 585 2687 proditio
612 2614 645 2666 et
669 2606 794 2679 seditio,
819 2606 1025 2667 sententiam
1049 2614 1205 2667 accurate
1230 2606 1402 2686 cognitam

209 2723 362 2797 haberet,
397 2723 461 2787 hoc
495 2724 619 2786 docere
650 2725 749 2786 unice
782 2725 950 2786 studentis
976 2725 1197 2807 proditionem
1223 2745 1293 2786 rem
1318 2744 1401 2799 esse,

207 2863 296 2925 quae
327 2843 370 2905 ad
404 2844 603 2917 exercitum,
635 2845 832 2918 seditionem,
865 2864 952 2925 quae
976 2845 1019 2906 ad
1044 2843 1180 2926 plebem
1207 2846 1402 2926 pertineret.

209 2962 359 3025 Reiectis
372 2983 390 3024 e
403 2971 500 3025 textu
514 2963 793 3025 annotationibus
803 2965 970 3045 optimum
980 2965 1258 3044 verissimumque
1273 2965 1402 3027 restitui

209 3102 345 3145 sensum
371 3082 405 3144 e't
429 3082 495 3144 alia
520 3082 627 3144 multa
651 3084 777 3145 docent
802 3092 836 3145 et
861 3084 893 3145 hi
920 3083 1091 3146 Ciceronis
1111 3082 1193 3145 loci:
1215 3084 1257 3145 de
1279 3083 1336 3147 Or.
1359 3084 1401 3158 II,

217 3202 296 3281 164;
322 3202 410 3265 Part.
436 3202 495 3266 Or.
520 3202 633 3277 XXX,
664 3218 734 3282 105.

257 3320 301 3383 A.
335 3321 378 3396 II,
414 3336 464 3402 52.
502 3319 597 3402 Quae
630 3321 684 3383 hic
709 3323 753 3384 de
777 3322 916 3403 proeli0,
943 3342 1011 3402 quo
1036 3321 1232 3384 Tacfarinas
1255 3342 1274 3383 a
1300 3322 1403 3384 Furio
1444 3396 1448 3404 Ι

212 3439 356 3503 Camillo
388 3440 480 3514 susus
512 3439 778 3523 profligatusque
810 3450 871 3516 est,
905 3450 1081 3504 narrantur
1112 3463 1130 3503 e
1162 3462 1222 3503 sex
1246 3449 1404 3503 constant

212 3561 382 3644 partibus:

261 3699 286 3743 1.
311 3680 473 3743 Camillus
497 3682 530 3743 in
556 3682 689 3744 hostem
715 3683 829 3744 duxit:
859 3682 1046 3762 „modicam
1072 3702 1220 3756 manum,
1245 3682 1271 3743 si
1294 3682 1403 3745 multi-

210 3801 365 3862 tudinem
391 3800 615 3863 Numidarum
640 3811 743 3883 atque
769 3802 963 3865 Maurorum
987 3802 1191 3883 spectares”

257 3933 286 3980 2.
326 3916 415 3997 ,Sed
451 3919 533 3981 nihil
568 3940 676 4001 aeque
712 3920 906 3994 cavebatur,
943 3940 1045 4002 quam
1078 3940 1119 3982 ne
1151 3920 1277 3982 bellum
1312 3931 1404 3985 metu

212 4037 422 4101 eluderent.'’

260 4175 288 4238 3.
316 4156 405 4240 ,Spe
429 4158 592 4221 victoriae
618 4159 745 4222 inducti
771 4168 849 4222 sunt
874 4167 909 4221 ut
934 4159 1182 4222 vincerentur.”

257 4294 289 4355 4.
329 4276 456 4358 „Igitur
487 4277 576 4359 legio
609 4279 733 4353 medi0,
764 4277 857 4340 leves
889 4279 1047 4341 cohortes
1079 4280 1234 4361 duaeque
1266 4279 1338 4341 alae
1370 4281 1404 4341 in

215 4395 374 4457 cornibus
396 4394 584 4459 locantur.”
