3210 5274
777 374 837 421 112

203 539 309 601 videri
345 560 422 602 eum
458 539 597 602 Tacitus
632 540 741 622 cupit.
778 537 868 620 Quid
900 535 1014 601 enim?
1046 537 1228 600 Admonet
1253 539 1399 620 somosos

200 659 336 741 probris
355 672 522 723 senatores
542 669 578 723 ut
602 659 840 739 „missionem”
862 668 983 742 petant
1006 657 1242 739 ,honestam’',
1255 679 1358 740 seque
1368 659 1398 720 in
1437 699 1441 710 ·

203 801 243 842 ea
276 781 389 843 danda
417 802 484 843 non
508 781 618 844 solum
643 780 776 843 facilem
801 779 873 843 fore
898 781 1068 863 promittit
1092 779 1153 841 sed
1179 779 1284 841 etiam
1309 777 1399 840 eflec-

204 909 315 962 turum
354 921 395 962 ne
431 901 610 983 quisquam
647 901 833 983 quidquam
870 901 913 962 de
945 900 1079 983 probris
1110 898 1176 961 illis
1206 900 1401 982 suspicetur,

206 1019 312 1082 Simul
337 1020 428 1082 enim
454 1029 628 1083 eteorum
653 1020 711 1102 qui
735 1021 903 1084 honestam
928 1019 1019 1082 illam
1044 1018 1260 1081 obtinuerint
1282 1019 1402 1080 missio

207 1160 284 1202 nem
317 1148 351 1202 et
383 1161 499 1203 eorum
532 1143 589 1223 qui
622 1142 711 1222 (cum
743 1161 876 1204 summa
902 1141 1061 1203 nimirum
1086 1139 1289 1222 ignominia)
1314 1139 1403 1202 inviti

205 1284 225 1325 a
256 1263 453 1325 censoribus
483 1272 602 1325 senatu
637 1264 720 1324 moti
752 1263 818 1325 sint
848 1261 1162 1345 sepropositurum
1189 1262 1340 1335 nomina,
1363 1259 1403 1321 ita

206 1390 242 1444 ut
270 1381 399 1464 ,pudor
423 1391 545 1463 sponte
569 1382 764 1444 cedentium
786 1389 821 1444 et
843 1381 1006 1445 iudicium
1032 1400 1214 1444 censorum
1239 1379 1403 1463 permixta

206 1502 427 1583 ignominiam
453 1501 639 1565 molliant’'.
665 1501 725 1576 At,
750 1521 888 1584 quaeso,
913 1502 997 1565 utris
1019 1501 1103 1565 illud
1128 1498 1310 1563 consilium
1335 1519 1403 1581 pro-

206 1622 354 1684 futurum
382 1619 454 1683 est?
478 1620 579 1685 Certe
604 1641 671 1683 non
696 1622 736 1682 iis
760 1622 817 1703 qui
842 1622 1021 1684 honestam
1045 1628 1257 1703 acceperunt
1282 1621 1401 1683 missio

208 1762 303 1804 nem:
325 1739 407 1802 nihil
428 1741 518 1802 enim
539 1740 690 1803 obstabit
710 1741 891 1821 quominus
912 1749 946 1803 et
966 1740 1030 1822 ipsi
1051 1748 1215 1822 putentur
1231 1761 1251 1802 a
1268 1758 1402 1802 censore

207 1869 326 1923 senatu
352 1860 445 1922 moti.
471 1860 631 1922 Fortasse
655 1868 751 1941 grata
774 1880 828 1922 res
848 1860 889 1922 iis
909 1859 1052 1933 accidet,
1073 1860 1132 1940 qui
1152 1879 1275 1922 revera
1294 1880 1315 1922 a
1334 1879 1403 1921 cen-

207 2000 282 2042 sore
308 1981 391 2041 moti
415 1988 494 2040 sunt
518 1987 655 2054 senatu;
683 1980 773 2042 haud
799 1980 897 2062 pauci
923 1980 1013 2042 enim
1038 1979 1172 2042 illorum
1199 1979 1404 2063 putabuntur

208 2099 388 2161 honestam
409 2099 605 2161 missionem
626 2100 808 2182 accepisse,
826 2119 913 2181 quae
930 2099 1020 2162 sama
1035 2098 1166 2180 aliquot
1178 2100 1280 2162 annis
1293 2108 1404 2182 postea

209 2219 299 2281 haud
334 2218 436 2281 dubie
469 2239 677 2301 magnopere
708 2220 748 2281 iis
780 2220 949 2301 proderit:
974 2228 1048 2283 tum
1071 2220 1163 2282 enim
1189 2220 1290 2283 obliti
1315 2226 1405 2283 erunt

211 2338 366 2400 homines
391 2338 471 2400 olim
497 2339 650 2401 evenisse
675 2348 711 2400 ut
736 2349 770 2401 et
794 2339 833 2401 iis
857 2339 1001 2402 honesta
1025 2339 1139 2401 missio
1165 2341 1406 2402 concederetur

210 2459 267 2538 qui
286 2458 421 2541 probris
438 2460 571 2541 famosi
594 2468 717 2521 essent.

255 2577 378 2640 Eidem
410 2577 552 2640 Claudio
583 2587 618 2641 et
649 2577 740 2642 aliud
773 2579 976 2642 adscribitur
1003 2579 1180 2642 consilium
1207 2600 1276 2642 non
1303 2581 1408 2643 minus

209 2698 398 2760 inauditum
424 2705 528 2778 atque
553 2697 736 2760 absurdum
763 2698 841 2772 XII,
868 2713 924 2779 53:

259 2817 379 2897 ,refert
403 2818 445 2879 ad
472 2825 585 2898 patres
609 2818 651 2880 de
672 2837 784 2900 poena
804 2818 1016 2895 seminarum,
1036 2840 1124 2901 quae
1143 2821 1252 2883 servis
1271 2823 1409 2884 coniun-

212 2946 388 3019 gerentur;
415 2938 652 3019 statuiturque,
677 2946 715 3001 ut
738 2940 856 3020 ignaro
881 2940 1021 3002 domino
1045 2941 1088 3003 ad
1113 2940 1147 3003 id
1172 2940 1356 3025 prolapsae
1379 2943 1411 3004 in

213 3057 385 3129 servitute,
410 3058 461 3118 sin
487 3059 747 3133 consensissent,
774 3079 836 3140 pro
860 3059 990 3123 libertis
1013 3060 1255 3124 haberentur”.

259 3175 411 3237 Auctore
450 3197 531 3257 ergo
569 3177 690 3240 Tacito
726 3177 887 3242 Claudius
920 3181 969 3242 ad
999 3181 1207 3244 coercendam
1243 3181 1411 3246 libidinem

214 3295 516 3378 irrepudice'tiarnque
547 3294 629 3358 reiro
663 3303 782 3371 σεμνῶς
810 3319 957 3380 poenam
980 3301 1100 3363 statuit
1125 3301 1294 3377 facinoris
1320 3304 1412 3386 quod

214 3416 419 3477 rarissimum
443 3426 514 3478 crat
539 3418 571 3479 in
596 3418 746 3492 civitate,
767 3419 939 3500 quodque,
959 3420 986 3482 si
1006 3421 1074 3483 iam
1093 3421 1199 3485 semel
1219 3422 1413 3505 iterumque

214 3537 313 3598 certis
356 3538 558 3600 testimoniis
601 3538 801 3621 indiciisque
845 3542 1176 3623 deprehendebatur,
1213 3552 1331 3606 tamen
1367 3546 1413 3608 ita

215 3657 317 3737 plecti
342 3658 400 3718 vix
423 3665 457 3718 et
482 3678 524 3719 ne
548 3658 606 3719 vix
631 3659 769 3738 quidem
795 3669 939 3741 poterat.
965 3660 1023 3724 An
1046 3681 1196 3743 unquam
1222 3665 1411 3746 quidquam

214 3776 362 3837 innotuit
394 3778 436 3838 de
470 3777 650 3840 Messalina
679 3777 801 3859 aliqua,
826 3800 914 3861 quae
938 3781 970 3843 in
996 3782 1196 3845 servitutem
1219 3782 1320 3846 alicui
1346 3784 1410 3848 civi

213 3896 257 3955 sit
277 3893 421 3955 tradita?
443 3895 532 3958 Nam
553 3899 772 3978 cogitandum
794 3899 848 3961 hic
869 3920 941 3962 esse
961 3901 1005 3963 de
1021 3901 1134 3984 aliqua
1151 3905 1412 3986 importunitate

215 4015 355 4095 diraque
373 4016 594 4096 impudicitia,
614 4038 701 4098 quae
721 4019 842 4081 cadere
862 4041 929 4082 non
945 4023 1052 4102 possit
1064 4021 1127 4085 nisi
1140 4023 1173 4086 in
1187 4044 1245 4087 eas
1257 4025 1413 4108 seminas,

215 4154 299 4214 quas
331 4134 452 4196 nimius
486 4134 583 4197 luxus
614 4137 656 4197 ad
690 4138 835 4216 quodvis
867 4140 1016 4203 dedecus
1047 4143 1260 4225 compulerit,
1290 4156 1414 4229 sponte

215 4252 423 4333 intelligitur.
455 4254 526 4315 Nec
553 4256 662 4318 minus
687 4257 827 4319 ridicula
852 4268 903 4320 est
929 4259 1089 4324 Pallantis
1111 4265 1271 4345 gravitas,
1296 4268 1356 4348 qui
1380 4269 1414 4330 in

217 4373 280 4434 hoc
313 4374 606 4437 senatusconsulto
639 4379 828 4457 promendo
861 4381 1057 4461 magistrum
1089 4403 1187 4446 suum
1213 4386 1358 4450 adiuvat
1381 4396 1416 4450 et
