3210 5274
785 384 823 447 ¹9

201 545 348 609 refutare
380 553 581 627 argumento
608 554 751 609 conatus
773 554 835 620 est,
861 547 953 627 quod
979 567 1054 610 mea
1077 555 1214 628 recepta
1238 550 1397 610 emenda·

201 666 296 729 tione
321 666 364 728 de
388 686 468 729 novo
488 665 532 727 sit
553 665 773 746 cogitandum
793 685 937 741 veneno,
959 666 1051 747 quod
1065 666 1166 749 prius
1186 665 1285 729 fuerit
1306 667 1397 728 inve·

202 785 366 847 niendum
398 802 501 864 quam
531 783 575 846 ad
608 782 736 846 facinus
766 785 973 846 transiretur.
1005 782 1073 846 Sed
1106 784 1196 846 idem
1228 783 1310 847 illud
1334 785 1397 846 erit

201 903 416 976 sumendum,
449 902 476 964 si
501 901 672 984 vulgatam
697 904 869 984 sequimur
893 902 1085 965 lectionem.
1111 900 1200 983 Quid
1226 901 1337 965 enim?
1362 901 1397 967 Si

203 1020 250 1084 nil
275 1022 337 1085 nisi
354 1021 601 1104 permiscentur
624 1042 757 1085 venena
780 1022 959 1104 quaedam,
985 1023 1133 1084 nascitur
1157 1022 1283 1103 aliquid
1304 1022 1397 1103 quod

203 1142 314 1204 minus
343 1141 387 1203 sit
418 1140 539 1202 efficax
571 1161 672 1223 quam
705 1161 822 1205 eorum
848 1140 930 1203 illud
954 1142 1047 1221 quod
1071 1141 1115 1203 sit
1138 1142 1289 1204 omnium
1314 1142 1400 1224 rapi·

204 1262 391 1337 dissimum,
426 1261 569 1324 fortasse
604 1259 731 1342 aliquid
763 1261 855 1341 quod
887 1259 987 1342 plane
1020 1261 1063 1323 sit
1095 1261 1287 1324 innocuum.
1320 1259 1400 1324 Sive

204 1381 328 1444 herbas
358 1379 489 1461 aliquas
521 1399 626 1442 novas
657 1379 799 1441 adhibet
831 1379 990 1453 Locusta,
1018 1380 1089 1441 sive
1114 1400 1245 1443 venena
1269 1380 1401 1462 pridem

205 1510 298 1575 nota,
323 1500 400 1563 novi
420 1498 548 1580 aliquid
574 1500 605 1561 ei
630 1507 682 1562 est
706 1499 937 1581 quaerendum
963 1499 1283 1580 inveniendumque.
1310 1499 1401 1581 Ergo

204 1620 277 1681 sive
308 1618 466 1700 rapidum
497 1615 650 1698 legimus,
683 1617 753 1679 sive
785 1618 949 1699 rapidius,
980 1619 1200 1699 cogitandum
1229 1617 1328 1679 nobis
1351 1626 1403 1680 est

205 1738 249 1800 de
284 1736 400 1817 aliquo
430 1735 634 1798 laboratorio
664 1734 844 1817 toxologico
875 1735 968 1815 quod
1001 1735 1096 1797 iuxta
1127 1735 1279 1798 Caesaris
1311 1734 1402 1797 cubi·

204 1854 319 1917 culum
340 1853 439 1917 fuerit
460 1854 671 1916 instructum.
694 1853 932 1916 Incredibilem
954 1874 1025 1915 rem
1046 1873 1119 1916 esse
1140 1854 1226 1916 hanc
1247 1853 1404 1916 lubenter

206 1973 412 2037 Andreseno
442 1974 606 2035 concedo.
639 1970 718 2046 Sed,
750 1980 788 2034 ut
819 1972 986 2047 dicebam,
1016 1971 1189 2046 veneficia,
1215 1973 1404 2054 dequibus

207 2101 322 2157 narrat
353 2092 502 2166 Tacitus,
535 2090 735 2173 plerumque
766 2091 964 2154 incredibile
996 2091 1125 2154 habent
1149 2090 1287 2172 aliquid,
1312 2091 1404 2173 quod

207 2213 313 2275 nostri
346 2210 411 2274 loci
444 2230 512 2272 non
545 2210 655 2272 minus
686 2210 773 2273 bene
805 2211 908 2274 docet
935 2209 1073 2291 vulgata
1096 2228 1198 2291 quam
1223 2211 1407 2273 emendata

208 2329 322 2393 lectio.

255 2449 354 2511 Nunc
385 2448 429 2509 de
453 2447 600 2510 Martina
625 2446 777 2510 venefica
800 2466 887 2527 quae
913 2455 1089 2509 narrantur
1113 2446 1156 2509 A.
1184 2447 1244 2522 ΙΙΙ,
1270 2465 1289 2529 7
1315 2448 1407 2510 vide·

209 2586 315 2630 amus.
348 2565 488 2628 Frustra
515 2587 569 2629 me
593 2588 637 2630 ex
662 2565 718 2628 illo
742 2565 938 2648 labyrintho
963 2567 1133 2648 quaesisse
1158 2568 1287 2629 exitum
1312 2586 1407 2648 prae-

210 2704 346 2747 moneo.
378 2684 535 2765 „Erecti”
558 2685 605 2748 ait
629 2685 768 2748 Tacitus
795 2694 911 2766 „erant
934 2687 1085 2748 omnium
1109 2685 1213 2748 animi
1238 2686 1408 2767 petendae

209 2825 229 2868 e
255 2803 399 2867 Pisone”
424 2804 493 2885 (qui
519 2803 757 2867 Germanicum
783 2825 916 2867 veneno
940 2825 1079 2868 necasse
1100 2805 1289 2887 dicebatur)
1314 2805 1408 2886 ,ulti-

210 2925 286 2987 onis
310 2933 345 2986 et
369 2923 488 2985 creber
512 2930 584 2985 erat
608 2931 763 3004 questus:

256 3044 350 3124 quod
370 3062 476 3124 vagus
495 3041 630 3104 interim
650 3041 751 3122 (Piso)
773 3062 833 3123 per
852 3063 996 3105 amoena
1016 3041 1120 3106 Asiae
1140 3052 1243 3125 atque
1256 3043 1409 3107 Achaiae

210 3163 392 3244 adroganti
417 3170 453 3225 et
475 3159 618 3223 subdola
643 3180 738 3223 mora
762 3159 926 3223 scelerum
946 3162 1167 3244 probationes
1187 3163 1410 3225 subverteret.

213 3270 304 3344 Nam
324 3279 500 3362 vulgatum
520 3286 592 3342 erat
613 3279 759 3354 missam,
782 3288 819 3341 ut
838 3279 919 3355 dixi,
940 3300 960 3342 a
981 3279 1041 3343 Cn.
1063 3279 1182 3344 Sentio
1202 3281 1272 3363 (qui
1291 3280 1409 3362 Syriae

211 3407 380 3482 praeerat,
416 3398 547 3461 Pisonis
580 3418 764 3473 successor,
799 3397 840 3461 cs.
878 3400 921 3474 11,
957 3400 1011 3481 74)
1043 3398 1207 3462 famosam
1240 3399 1412 3462 veneficiis

213 3518 400 3581 Martinam
434 3517 547 3579 subita
580 3526 690 3579 morte
726 3517 894 3579 Brundisii
926 3517 1141 3592 exstinctam,
1174 3537 1411 3598 venenumque

213 3638 308 3699 nodo
343 3635 486 3697 crinium
522 3635 593 3696 eius
628 3632 847 3708 occultatum,
884 3654 946 3696 nec
979 3633 1045 3697 ulla
1076 3635 1110 3696 in
1142 3654 1285 3715 corpore
1316 3635 1412 3716 signa

213 3755 344 3838 sumpti
368 3754 463 3817 exitii
487 3751 655 3836 reperta'’.

262 3872 358 3955 Quae
383 3873 463 3955 quid
489 3873 629 3934 taudem
653 3871 716 3933 sibi
741 3870 881 3934 volunt?
901 3870 1152 3953 Argumentum
1173 3870 1238 3933 loci
1258 3870 1323 3933 huc
1345 3871 1414 3933 sere

215 3993 327 4055 redire
347 3992 466 4053 statuit
486 3989 733 4071 Nipperdeius:
758 3990 934 4069 ,Martina
955 4009 1163 4070 quamquam
1184 3989 1324 4052 dubium
1346 4010 1414 4052 non

217 4120 290 4173 erat
314 4110 396 4191 quin
420 4128 590 4170 venenum
614 4105 812 4190 sumpsisset
836 4108 913 4190 (hoc
938 4109 1029 4170 enim
1053 4128 1128 4170 eam
1149 4128 1283 4191 semper
1304 4108 1416 4171 occul-

218 4238 327 4291 tatum
350 4248 464 4291 secum
489 4225 647 4289 habuisse
673 4227 776 4289 modo
801 4235 874 4288 erat
897 4228 1084 4309 cognitum)
1110 4236 1225 4290 tamen
1249 4228 1417 4290 eiusmodi

221 4348 311 4410 necis
343 4346 433 4410 nulla
465 4345 616 4408 habebat
640 4346 674 4408 in
699 4365 841 4428 corpore
865 4345 961 4427 signa
985 4357 1120 4429 aperta;
1146 4347 1311 4411 habuerat
1334 4365 1416 4429 ergo
