3292 5280
768 1291 881 1355 XVII.

279 1539 520 1603 Dubitaturnm
533 1542 600 1604 iarn
614 1541 735 1623 opinor
748 1541 930 1614 neminem,
940 1539 997 1621 qui
1012 1538 1221 1602 haecomnia
1235 1538 1431 1621 perlegerit,

234 1662 315 1742 quin
340 1671 481 1742 uterque
506 1663 617 1724 codex
638 1661 814 1723 Mediceus
835 1659 959 1734 multis,
980 1660 1088 1741 iisque
1107 1658 1367 1733 absurdissimis,
1389 1660 1435 1721 sit

234 1779 500 1842 commaculatus
524 1781 777 1843 additamentis.
804 1777 914 1861 Saepe
939 1779 1048 1863 ipsam
1073 1778 1253 1860 magistelli
1273 1779 1434 1841 audimus

234 1919 354 1962 vocem
367 1899 554 1975 stridulam,
568 1901 758 1962 doctrinam
772 1919 866 1962 suam
880 1898 1072 1980 legentibus
1085 1899 1304 1972 venditantis,
1320 1918 1434 1979 neque

236 2039 311 2080 raro
331 2017 504 2080 librarium
525 2019 558 2080 in
579 2019 653 2101 ipso
667 2018 890 2081 transferendi
905 2018 1044 2099 negotio
1058 2026 1226 2080 errantem
1241 2017 1433 2100 deprehen·

236 2139 356 2213 dimus,
381 2158 450 2219 quo
475 2138 602 2201 nullum
627 2147 678 2200 est
703 2139 826 2202 certius
850 2139 907 2213 rei,
933 2158 1036 2221 quam
1061 2139 1294 2201 demonstrare
1315 2139 1432 2200 conati

235 2277 358 2331 sumuS,
383 2257 555 2319 indicium.
582 2257 661 2321 Sine
685 2258 754 2321 ullo
778 2278 859 2340 ergo
883 2266 986 2332 metu,
1011 2257 1038 2319 si
1058 2258 1115 2338 qui
1136 2257 1230 2320 locus
1250 2265 1432 2338 corruptus

235 2397 303 2438 uno
335 2376 509 2458 alteroque
540 2377 707 2441 vocabulo
738 2378 922 2440 eximendo
946 2377 1056 2440 sanari
1081 2386 1205 2459 potest,
1230 2397 1272 2439 ea
1296 2376 1431 2439 medela

236 2503 377 2570 utemur,
399 2516 476 2558 curn
498 2498 694 2578 praesertim
712 2496 879 2559 vocabula
892 2495 947 2559 illa
961 2495 1122 2578 pleraque
1134 2496 1250 2558 omnia
1262 2496 1429 2559 eiusmodi

235 2617 302 2677 sint
328 2625 363 2678 ut
389 2616 434 2677 ibi
460 2636 596 2697 quoque
618 2617 762 2678 eandem
783 2635 1007 2697 agnoscamus
1026 2615 1207 2678 sciolorum
1229 2615 1429 2698 importuni-

236 2743 359 2809 tatem,
384 2734 530 2797 eundem
555 2735 740 2797 scribarum
765 2740 924 2797 e'rrorenr.
961 2735 1049 2797 Nam
1076 2734 1250 2797 vocabulis
1274 2735 1428 2798 delendis

236 2854 391 2935 scriptori
424 2873 526 2935 opem
559 2853 643 2917 serre
667 2875 862 2936 perversum
887 2861 949 2927 est,
975 2854 1037 2916 nisi
1062 2854 1297 2916 demonstrare
1321 2854 1429 2936 possis

236 2972 415 3035 verisimile
440 2993 512 3035 esse
532 2993 572 3035 ea
592 2973 775 3055 aliquando
795 2974 828 3036 in
850 2973 1001 3054 margine
1021 2971 1075 3035 vel
1096 2973 1184 3035 inter
1202 2971 1309 3035 lineas
1329 2973 1428 3035 luisse

235 3093 391 3173 appicta;
410 3091 474 3154 hoc
493 3112 574 3155 vero
593 3093 649 3154 ubi
666 3102 810 3167 constat,
829 3092 918 3155 nulla
934 3099 986 3154 est
1002 3092 1055 3155 vel
1073 3091 1241 3154 efficacior
1254 3092 1308 3153 vel
1323 3092 1429 3174 magis

236 3211 421 3292 probabilis
453 3213 657 3275 emendandi
690 3214 786 3275 ratio.
824 3212 889 3274 Hic
921 3231 1057 3294 quoque
1088 3211 1291 3274 aMediceo
1316 3212 1428 3294 priore

234 3329 395 3393 faciemus
419 3332 562 3407 initium,
588 3333 645 3411 qui
671 3351 748 3394 cum
772 3332 911 3394 omnino
937 3331 1152 3413 paucioribus
1175 3329 1308 3393 laboret
1328 3332 1427 3407 vitiis,

232 3459 304 3512 tum
330 3450 427 3513 huius
451 3471 587 3532 quoque
613 3452 721 3514 morbi
747 3473 814 3514 non
840 3455 887 3515 ita
912 3451 1018 3514 multa
1043 3452 1184 3534 praebet
1208 3452 1378 3534 exempla.

277 3570 321 3632 A.
343 3571 367 3644 Ι,
395 3586 424 3650 5.
451 3570 553 3633 Paulo
577 3571 710 3653 longior
733 3572 814 3633 mihi
840 3572 893 3634 hic
919 3571 1012 3633 locus
1036 3571 1279 3634 exscribendus
1303 3581 1372 3635 est:

279 3689 393 3770 „Haec
417 3700 520 3772 atque
541 3691 621 3753 talia
642 3692 850 3773 agitantibus
869 3711 1068 3772 gravescere
1090 3690 1241 3754 valitudo
1263 3691 1426 3774 Augusti;

231 3818 265 3872 et
283 3811 421 3893 quidam
440 3812 549 3874 scelus
563 3813 676 3873 uxoris
689 3811 942 3893 suspectabant.
957 3810 1093 3894 Quippe
1107 3832 1221 3874 rumor
1233 3813 1427 3887 incesserat,

231 3950 357 4012 paucos
370 3939 448 3992 ante
463 3951 594 3993 menses
604 3931 797 4012 Augustum
811 3931 928 3994 electis
940 3931 1039 3994 sociis
1052 3940 1086 3993 et
1099 3933 1224 3995 comite
1237 3953 1305 3995 uno
1318 3932 1427 3994 Fabio

232 4049 385 4112 Maximo
399 4050 587 4112 Planasiam
602 4060 736 4113 vectum
749 4051 792 4113 ad
807 4051 985 4113 visendum
999 4050 1208 4133 Agrippam
1224 4052 1347 4116 multas
1360 4051 1426 4114 illic

231 4171 402 4252 utrimque
426 4169 581 4233 lacrimas
605 4181 639 4234 et
663 4173 759 4253 signa
784 4172 942 4244 caritatis,
964 4189 1129 4252 spemque
1150 4191 1265 4247 exeo,
1286 4171 1367 4245 lore,
1390 4179 1425 4233 ut

233 4289 362 4351 iuvenis
375 4289 556 4371 penatibus
568 4292 622 4353 avi
636 4292 843 4355 redderetur.
858 4288 957 4371 Quod
970 4289 1158 4352 Maximum
1172 4292 1268 4354 uxori
1279 4291 1425 4354 Marciae

231 4409 411 4489 aperuisse,
433 4408 524 4470 illam
545 4409 674 4473 Liviae.
697 4411 846 4475 Gnarum
868 4411 900 4473 id
924 4409 1076 4485 Caesari;
1097 4429 1207 4492 neque
1229 4412 1335 4475 multo
1348 4419 1424 4492 post
