3210 5274
765 345 827 407 262

200 529 278 590 Post
300 526 442 588 verbum
464 525 689 607 impersonale
709 526 822 598 euenit,
845 526 937 606 quod
961 524 1116 587 Rhenani
1130 522 1276 605 praebet
1289 521 1394 593 leeti0,

198 647 280 709 satis
306 648 389 709 dure
415 644 495 708 illud
519 645 673 709 extimuit
696 644 847 707 insertur.

245 882 289 945 A.
312 882 407 956 XVI,
432 884 483 945 28.
506 882 544 945 In
565 891 684 944 senatu
707 903 788 963 ergo
802 882 948 963 primum
962 881 1066 962 ipsius
1080 879 1229 940 Neronis
1243 880 1402 939 recitatur

200 1004 321 1077 oratio,
347 1023 413 1084 qua
438 1023 506 1064 non
528 1001 678 1065 Thrasea
699 1002 838 1083 quidem
860 1001 1061 1062 nominatim
1082 1000 1246 1081 arguitur,
1268 999 1328 1059 sed
1350 996 1402 1057 alii

201 1121 497 1203 reprehenduntur
521 1130 696 1183 senatores
720 1122 812 1202 quod
838 1120 924 1182 illius
948 1119 1109 1201 exemplo
1132 1118 1263 1181 curiam
1285 1118 1403 1179 vitent.

202 1240 336 1323 Arripit
368 1241 452 1303 haec
484 1239 704 1304 Cossutianus
736 1239 859 1322 Capito
892 1240 1201 1320 vehementemque
1234 1239 1269 1299 in
1296 1237 1404 1319 ipsum

203 1358 391 1421 Thraseam
416 1358 520 1421 habet
545 1360 746 1434 orationem,
772 1380 839 1441 qua
863 1368 898 1421 et
922 1359 987 1421 alia
1011 1367 1045 1421 et
1070 1358 1153 1429 haec
1180 1357 1372 1420 declamat:

252 1481 458 1561 „Requirere
489 1501 525 1542 se
554 1480 589 1542 in
613 1488 733 1542 senatu
758 1479 981 1553 consularem,
1006 1480 1040 1541 in
1065 1479 1153 1540 votis
1176 1478 1406 1548 sacerdotem,

204 1601 237 1662 in
270 1600 342 1661 iure
375 1599 518 1661 iurando
551 1599 672 1673 civem,
706 1599 767 1661 nisi
800 1608 920 1661 contra
944 1599 1098 1660 instituta
1122 1605 1157 1659 et
1180 1598 1408 1659 caerimonias

205 1720 370 1781 maiorum
407 1720 618 1801 proditorem
655 1718 767 1801 palam
803 1726 838 1781 et
875 1718 1008 1780 hostem
1041 1715 1192 1778 Thrasea
1229 1717 1407 1778 induisset.

206 1840 363 1920 Denique
384 1859 485 1920 agere
504 1848 697 1901 senatorem
719 1847 753 1900 et
774 1838 937 1921 principis
957 1837 1207 1899 obtrectatores
1225 1846 1407 1918 protegere

204 1959 324 2021 solitus
350 1959 491 2034 veniret,
517 1965 681 2033 censeret,
707 1957 789 2039 quid
815 1959 937 2040 corrigi
961 1966 1019 2020 aut
1045 1957 1166 2018 mutari
1192 1953 1330 2017 vellet.'’

252 2077 402 2142 Omnino
424 2078 504 2159 quid
526 2078 570 2139 sit
588 2090 771 2140 senatorem
791 2098 892 2159 agere
905 2096 972 2138 non
986 2075 1172 2138 admodum
1187 2076 1407 2156 perspicuum

210 2198 290 2259 mihi
313 2206 374 2272 est,
397 2198 429 2258 in
451 2196 620 2259 Thraseae
642 2216 723 2258 vero
745 2216 854 2270 causa,
877 2196 930 2258 cui
949 2195 983 2257 id
1005 2196 1115 2277 ipsum
1129 2195 1290 2256 obiicitur
1304 2194 1407 2275 quod,

209 2317 479 2398 quotiescunque
511 2324 649 2378 senatus
680 2315 834 2389 habetur,
866 2315 960 2377 domi
993 2335 1073 2377 suae
1097 2314 1191 2387 latet,
1216 2315 1300 2395 quid
1327 2314 1407 2377 illud

208 2436 271 2498 sibi
306 2434 387 2497 velit
420 2435 546 2497 crimen
579 2434 847 2497 admirabundus
872 2454 965 2516 rogo.
992 2435 1030 2497 ln
1054 2454 1202 2496 errorem
1230 2435 1407 2495 inductum

210 2555 392 2627 librarium,
424 2555 481 2634 qui
515 2554 617 2615 toties
649 2555 692 2615 de
724 2565 843 2616 senatu
876 2553 1156 2634 senatoribusque
1180 2551 1330 2633 legisset,
1356 2553 1409 2613 hic

210 2693 346 2755 quoque
381 2652 562 2734 senatorem
599 2672 773 2753 scripsisse
809 2672 940 2754 opinor,
978 2692 1055 2734 cum
1088 2672 1121 2733 in
1156 2671 1317 2752 exemplo
1350 2693 1411 2733 suo

210 2791 352 2854 haberet
377 2811 507 2864 vocem,
534 2810 621 2871 quae
645 2792 805 2853 ductibus
826 2791 997 2854 literarum
1018 2790 1064 2852 illi
1085 2791 1272 2853 admodum
1295 2792 1412 2852 similis

211 2921 314 2974 esset:
341 2932 513 2974 censorem.
541 2910 617 2973 Hoc
641 2920 693 2973 est
718 2912 810 2993 quod
838 2920 911 2974 tota
936 2912 1005 2974 vita
1029 2931 1089 2973 sua
1112 2910 1256 2991 loquens
1281 2920 1412 2972 tacens-

211 3054 277 3116 que
302 3033 428 3095 lecerat
448 3032 609 3106 Thrasea,
631 3041 668 3095 ut
688 3045 804 3116 ageret
824 3053 986 3095 censorem
1008 3033 1211 3113 civiumque,
1233 3033 1293 3093 sed
1318 3053 1413 3114 prae·

211 3154 309 3235 cipue
332 3151 435 3234 ipsius
456 3151 628 3233 principis
652 3151 741 3213 lacta
762 3160 906 3213 notaret.
932 3151 977 3213 Et
998 3151 1138 3212 omnino
1152 3149 1232 3211 illud
1247 3171 1411 3212 censorem

211 3293 312 3355 agere
352 3271 661 3353 frequentissimum
703 3279 755 3332 est
790 3271 917 3332 crimen
952 3272 986 3332 in
1022 3269 1177 3331 homines
1211 3270 1411 3331 severiores.

213 3392 303 3456 Vide
336 3412 425 3454 nunc
457 3412 559 3473 quam
592 3390 738 3472 eleganti
772 3391 952 3452 verborum
984 3391 1057 3451 lusu
1089 3390 1180 3451 idem
1206 3387 1261 3450 ille
1287 3388 1413 3472 Capito

212 3513 259 3574 sic
296 3531 440 3594 pergens
476 3510 670 3572 inducatur:
718 3522 879 3588 ,censeret
918 3510 999 3590 quid
1042 3510 1163 3590 corrigi
1199 3516 1257 3569 aut
1288 3510 1414 3571 mutari

212 3629 349 3693 vellet.’'

259 3868 302 3929 A.
328 3866 423 3940 XVI,
451 3881 502 3947 35.
528 3866 581 3927 De
606 3865 679 3947 ipsa
703 3865 874 3929 Thraseae
901 3873 1009 3927 morte
1033 3866 1214 3928 traduntur
1237 3863 1341 3927 haec:

263 3987 480 4066 „Helvidium
498 3995 532 4048 et
546 3987 758 4048 Demetrium
773 3987 807 4048 in
821 3985 1012 4048 cubiculum
1026 3985 1167 4059 inducit,
1181 3985 1417 4068 porrectisque

214 4106 387 4187 utriusque
421 4104 548 4167 brachii
577 4105 682 4179 veniS,
716 4114 898 4187 postquam
931 4124 1084 4167 cruorem
1117 4103 1247 4178 effudit,
1272 4103 1416 4168 humum

214 4247 314 4306 super
338 4245 511 4306 spargens.
618 4224 790 4299 Libamus,
816 4225 937 4305 inquit,
963 4224 1035 4286 Iovi
1060 4221 1266 4284 liberatori.'’

260 4343 317 4406 Ad
344 4344 512 4423 por'rectr's
540 4342 769 4425 Nipperdeius
792 4351 951 4404 annotat:
981 4344 1110 4422 ,einem
1136 4339 1285 4403 Diener”
1310 4350 1414 4423 atque
