3210 5274
774 430 836 496 243

205 593 373 656 Romanis
405 593 502 656 facile
534 603 585 657 est
617 594 796 657 coniicere.
829 595 929 658 Dabo
960 597 1033 678 ipsa
1057 597 1170 672 verba,
1202 618 1289 680 quae
1313 620 1401 663 nunc

203 712 299 793 apud
324 711 573 795 Nipperdeium
598 711 773 794 leguntur:

257 831 408 912 ,Neque,
441 841 479 895 ut
510 833 543 895 in
577 833 726 914 pedestri
757 833 846 908 acie,
879 834 1067 895 comminus
1099 835 1308 911 certabatur,
1340 838 1400 899 sed

204 958 383 1033 tamquam
409 952 520 1044 navali
546 972 670 1034 pugna,
694 953 771 1033 vagi
795 953 884 1014 inter
908 954 1015 1015 undas
1038 962 1106 1027 aut,
1131 955 1157 1015 si
1178 955 1259 1035 quid
1280 956 1400 1018 stabile

204 1070 417 1146 occurrebat,
451 1071 533 1133 totis
564 1070 630 1133 illic
655 1071 854 1153 corporibus
880 1072 1037 1146 nitentes,
1062 1072 1227 1135 vulnerati
1251 1093 1327 1136 cum
1353 1076 1401 1137 in·

204 1190 321 1272 tegris,
346 1190 447 1273 periti
468 1190 571 1253 nandi
596 1210 673 1253 cum
699 1191 824 1273 ignaris
848 1191 881 1253 in
907 1200 1058 1254 mutuam
1084 1193 1268 1274 perniciem
1292 1193 1400 1276 impli-

204 1308 405 1371 cabantur.”

251 1428 321 1492 Ain
352 1427 455 1491 vero?
491 1429 588 1493 Ibine
620 1450 688 1492 non
718 1431 897 1493 comminus
928 1431 1131 1506 certabatur,
1164 1431 1220 1494 ubi
1246 1432 1401 1496 homines

205 1547 465 1631 implicabantur
496 1549 584 1611 inter
614 1547 671 1611 se?
703 1547 944 1631 Quidquamne
975 1570 1155 1613 commune
1187 1559 1239 1614 est
1267 1572 1399 1634 pugnae

204 1666 383 1730 hominum
414 1668 449 1729 in
478 1667 598 1730 mediis
620 1669 717 1750 aquis
741 1669 930 1730 natantium
954 1688 1139 1752 eorumque
1164 1671 1221 1751 qui
1246 1690 1288 1733 ne
1312 1692 1400 1754 aqua

205 1795 402 1870 mergantur
433 1786 593 1848 omnibus
625 1786 777 1848 nituntur
809 1787 919 1849 modis
1036 1797 1070 1849 et
1102 1808 1235 1870 pugnae
1268 1789 1399 1852 navali?

206 1906 299 1969 Nihil
331 1907 401 1969 vidi
435 1906 542 1989 magis
574 1906 809 1988 perturbatum
842 1907 1016 1988 magisque
1040 1906 1233 1970 absurdum.
1267 1908 1398 1970 Bonum

204 2025 332 2090 factum
364 2026 457 2108 quod
489 2034 605 2088 tamen
631 2024 704 2106 ipsa
729 2032 843 2087 textus
867 2026 1019 2087 conditio
1044 2026 1156 2108 aliquo
1181 2027 1284 2089 modo
1309 2029 1398 2090 unde

204 2164 324 2207 omnes
353 2144 430 2207 illae
454 2144 574 2206 turbae
601 2150 700 2205 natae
724 2143 791 2205 sint
815 2143 952 2218 indicat,
977 2153 1111 2207 etcum
1137 2146 1244 2208 morbi
1269 2147 1399 2228 origine

202 2264 346 2327 sanandi
377 2263 544 2326 rationem
577 2263 690 2325 docet.
722 2261 899 2324 Traditum
932 2263 1023 2325 enim
1054 2272 1105 2325 est
1129 2284 1196 2326 non
1220 2267 1399 2329 comminus

202 2384 262 2448 sed
295 2385 476 2447 comminus
503 2384 621 2457 minus,
647 2382 736 2444 unde
766 2381 832 2443 lac.
858 2381 1049 2445 Gronovius
1072 2385 1250 2448 comminus
1272 2386 1399 2448 eminus

203 2503 294 2578 fecit,
326 2505 360 2567 in
392 2524 460 2585 qua
490 2502 647 2576 lectione,
678 2501 854 2563 utstatim
881 2502 1079 2577 videbimus,
1104 2522 1182 2585 pars
1205 2505 1274 2566 veri
1300 2506 1397 2567 inest.

203 2622 434 2705 Nipperdeius
465 2621 658 2684 abiiciendo
691 2622 801 2684 minus
831 2621 919 2683 ultro
948 2622 1097 2703 corrupit
1122 2622 1243 2685 locum.
1269 2623 1335 2699 Sic,
1361 2633 1397 2688 ut

203 2743 335 2824 opinor,
361 2741 501 2804 Tacitus
525 2741 675 2823 scripsit:

249 2859 370 2941 Neque
402 2868 440 2922 ut
464 2860 614 2941 pedestri
639 2859 709 2922 acie
735 2860 929 2922 certabatur
952 2879 1062 2940 neque
1085 2867 1259 2941 tamquam
1286 2862 1396 2925 navali

203 3000 335 3062 pugna:
360 2980 437 3061 vagi
462 2980 551 3041 inter
573 2979 681 3040 undas
704 2987 774 3053 aut,
794 2978 821 3039 si
841 2978 922 3059 quid
944 2977 1065 3040 stabile
1085 2979 1294 3056 occurrebat,
1316 2982 1397 3044 totis

202 3098 269 3162 illic
294 3099 421 3161 viribus
446 3099 593 3161 nitentes
616 3117 646 3160 e.
659 3118 692 3178 q.
706 3095 754 3158 s.’·’

248 3219 306 3282 Ad
331 3219 482 3303 pedestri
511 3219 580 3281 acie
610 3216 733 3279 sciolus
763 3215 884 3297 aliquis
915 3217 1102 3290 annotavit,
1134 3219 1323 3293 comminus,
1353 3221 1396 3282 ad

202 3339 320 3402 navali
342 3352 460 3422 pugna
483 3338 662 3420 adscripsit
686 3337 828 3410 eminus;
854 3337 946 3417 quod
972 3357 990 3397 e
1014 3336 1145 3398 duabus
1168 3338 1397 3399 annotationi-

203 3459 266 3522 bus
297 3467 414 3521 natum
447 3467 499 3521 est
531 3459 710 3521 comminus
740 3457 849 3519 minus
880 3457 913 3519 in
946 3464 1079 3518 textum
1103 3457 1282 3519 aberravit.
1316 3458 1396 3521 Fuit

202 3597 280 3640 cum
312 3585 468 3659 putarem
499 3597 620 3639 vocem
651 3577 716 3651 sed,
741 3596 828 3656 quae
854 3596 941 3639 nunc
965 3584 1045 3638 ante
1069 3587 1239 3659 tamquam
1264 3577 1396 3659 legitur,

201 3697 338 3759 retineri
371 3715 471 3778 posse
502 3704 536 3757 et
568 3697 614 3757 ita
646 3695 820 3776 transponi
855 3704 892 3757 ut
916 3694 1101 3776 legeretur:
1125 3696 1185 3759 red
1205 3698 1288 3779 vagi
1309 3699 1397 3761 inter

201 3816 309 3878 undas
339 3834 415 3895 sqq.
448 3813 515 3878 Sed
547 3813 648 3895 longe
680 3822 829 3895 praestat
860 3815 1052 3895 asyndeton
1084 3816 1176 3896 quod
1201 3816 1292 3878 dedi.
1320 3817 1396 3880 Hoc

201 3944 332 3997 certum
369 3943 420 3997 est
452 3953 562 3996 errare
595 3933 806 4013 Madvigium
839 3952 900 4014 pro
932 3932 1000 3994 illic
1030 3933 1268 3996 coniicientem
1301 3935 1395 3998 illuc:

201 4055 386 4120 absurdum
410 4054 501 4117 enim
526 4052 659 4116 videtur
680 4052 740 4114 niti
762 4053 795 4113 in
816 4051 904 4114 illud
921 4052 1012 4131 quod
1033 4065 1197 4116 occurrat.
1220 4054 1295 4116 Hoc
1314 4055 1396 4117 dicit

201 4173 357 4236 Tacitus:
394 4173 518 4252 ,sicubi
551 4172 695 4255 pedibus
728 4170 849 4233 stabile
882 4170 1008 4250 aliquid
1042 4173 1130 4233 nacti
1163 4182 1269 4246 erant,
1302 4172 1396 4236 illum

202 4290 312 4353 locum
334 4291 489 4352 obtinere
511 4289 728 4361 studebant”,
750 4309 817 4349 non
841 4308 922 4368 ergo
942 4289 1020 4351 illuc
1035 4292 1095 4352 sed
1109 4290 1177 4354 illic
1190 4293 1396 4355 nitebantur.

246 4411 289 4473 H.
315 4409 359 4483 V,
389 4426 436 4491 17.
462 4408 563 4473 Stant
587 4410 694 4490 parati
714 4408 758 4470 ad
781 4406 960 4488 proelium,
983 4410 1074 4488 quod
1097 4411 1160 4471 toti
1182 4411 1271 4473 bello
1293 4411 1396 4474 finem
