<?xml version="1.0" encoding="UTF-8"?>
<!DOCTYPE html PUBLIC "-//W3C//DTD XHTML 1.0 Transitional//EN"
    "http://www.w3.org/TR/xhtml1/DTD/xhtml1-transitional.dtd">
<html xmlns="http://www.w3.org/1999/xhtml" xml:lang="en" lang="en">
 <head>
  <title>
</title>
<meta http-equiv="Content-Type" content="text/html;charset=utf-8" />
  <meta name='ocr-system' content='tesseract 3.04.00' />
  <meta name='ocr-capabilities' content='ocr_page ocr_carea ocr_par ocr_line ocrx_word'/>
</head>
<body>
  <div class='ocr_page' id='page_1' title='image "./analectatacitea00hartgoog_0015.png"; bbox 0 0 3210 5274; ppageno 0'>
   <div class='ocr_carea' id='block_1_1' title="bbox 779 385 802 446">
    <p class='ocr_par' dir='ltr' id='par_1_1' title="bbox 779 385 802 446">
     <span class='ocr_line' id='line_1_1' title="bbox 779 385 802 446; baseline 0 0"><span class='ocrx_word' id='word_1_1' title='bbox 779 385 802 446; x_wconf 91' lang='grc'>4</span> 
     </span>
    </p>
   </div>
   <div class='ocr_carea' id='block_1_2' title="bbox 200 546 1415 3366">
    <p class='ocr_par' dir='ltr' id='par_1_2' title="bbox 200 546 1409 728">
     <span class='ocr_line' id='line_1_2' title="bbox 248 546 1409 631; baseline 0.008 -24"><span class='ocrx_word' id='word_1_2' title='bbox 248 565 348 625; x_wconf 82' lang='lat' dir='ltr'>,mox</span> <span class='ocrx_word' id='word_1_3' title='bbox 371 546 466 627; x_wconf 87' lang='lat' dir='ltr'>quasi</span> <span class='ocrx_word' id='word_1_4' title='bbox 487 546 637 610; x_wconf 85' lang='lat' dir='ltr'>rixantes</span> <span class='ocrx_word' id='word_1_5' title='bbox 657 557 774 631; x_wconf 92' lang='lat' dir='ltr'>stupra</span> <span class='ocrx_word' id='word_1_6' title='bbox 794 567 833 611; x_wconf 90' lang='lat' dir='ltr'>ac</span> <span class='ocrx_word' id='word_1_7' title='bbox 856 547 983 629; x_wconf 89' lang='lat' dir='ltr'>flagitia</span> <span class='ocrx_word' id='word_1_8' title='bbox 1004 548 1151 611; x_wconf 90' lang='lat' dir='ltr'>invicem</span> <span class='ocrx_word' id='word_1_9' title='bbox 1173 550 1409 628; x_wconf 89' lang='lat' dir='ltr'>obiectavere,</span> 
     </span>
     <span class='ocr_line' id='line_1_3' title="bbox 200 663 461 728; baseline 0.008 -2"><span class='ocrx_word' id='word_1_10' title='bbox 200 671 320 727; x_wconf 86' lang='lat' dir='ltr'>neuter</span> <span class='ocrx_word' id='word_1_11' title='bbox 344 663 461 728; x_wconf 80' lang='lat' dir='ltr'>salso”.</span> 
     </span>
    </p>

    <p class='ocr_par' dir='ltr' id='par_1_3' title="bbox 201 783 1412 1344">
     <span class='ocr_line' id='line_1_4' title="bbox 244 783 1411 868; baseline 0.006 -21"><span class='ocrx_word' id='word_1_12' title='bbox 244 783 372 849; x_wconf 84' lang='lat' dir='ltr'>Neuter</span> <span class='ocrx_word' id='word_1_13' title='bbox 396 785 503 868; x_wconf 86' lang='lat' dir='ltr'>falso.</span> <span class='ocrx_word' id='word_1_14' title='bbox 537 785 661 849; x_wconf 89' lang='lat' dir='ltr'>Nonne</span> <span class='ocrx_word' id='word_1_15' title='bbox 695 787 838 849; x_wconf 87' lang='lat' dir='ltr'>mordax</span> <span class='ocrx_word' id='word_1_16' title='bbox 870 786 935 849; x_wconf 95' lang='lat' dir='ltr'>hoc</span> <span class='ocrx_word' id='word_1_17' title='bbox 961 787 1102 862; x_wconf 92' lang='lat' dir='ltr'>dictum,</span> <span class='ocrx_word' id='word_1_18' title='bbox 1130 808 1244 851; x_wconf 92' lang='lat' dir='ltr'>nonne</span> <span class='ocrx_word' id='word_1_19' title='bbox 1267 810 1348 852; x_wconf 90' lang='lat' dir='ltr'>acre</span> <span class='ocrx_word' id='word_1_20' title='bbox 1373 801 1411 854; x_wconf 92' lang='lat' dir='ltr'>et</span> 
     </span>
     <span class='ocr_line' id='line_1_5' title="bbox 201 904 1409 988; baseline 0.004 -21"><span class='ocrx_word' id='word_1_21' title='bbox 201 904 373 979; x_wconf 90' lang='lat' dir='ltr'>acerbum,</span> <span class='ocrx_word' id='word_1_22' title='bbox 404 925 529 969; x_wconf 91' lang='lat' dir='ltr'>nonne·</span> <span class='ocrx_word' id='word_1_23' title='bbox 550 906 697 988; x_wconf 91' lang='lat' dir='ltr'>denique</span> <span class='ocrx_word' id='word_1_24' title='bbox 728 926 808 968; x_wconf 92' lang='lat' dir='ltr'>vere</span> <span class='ocrx_word' id='word_1_25' title='bbox 840 904 1042 968; x_wconf 82' lang='lat' dir='ltr'>Taciteum?</span> <span class='ocrx_word' id='word_1_26' title='bbox 1080 907 1216 986; x_wconf 81' lang='lat' dir='ltr'>„Nolite</span> <span class='ocrx_word' id='word_1_27' title='bbox 1242 909 1409 973; x_wconf 88' lang='lat' dir='ltr'>credere&#39;’</span> 
     </span>
     <span class='ocr_line' id='line_1_6' title="bbox 201 1023 1412 1104; baseline 0.004 -19"><span class='ocrx_word' id='word_1_28' title='bbox 201 1023 336 1088; x_wconf 88' lang='lat' dir='ltr'>lictores</span> <span class='ocrx_word' id='word_1_29' title='bbox 368 1032 509 1087; x_wconf 92' lang='lat' dir='ltr'>monent</span> <span class='ocrx_word' id='word_1_30' title='bbox 541 1024 732 1087; x_wconf 91' lang='lat' dir='ltr'>Nisseniani</span> <span class='ocrx_word' id='word_1_31' title='bbox 768 1023 892 1104; x_wconf 85' lang='lat' dir='ltr'>,nolite</span> <span class='ocrx_word' id='word_1_32' title='bbox 921 1023 976 1086; x_wconf 92' lang='lat' dir='ltr'>hic</span> <span class='ocrx_word' id='word_1_33' title='bbox 1002 1023 1057 1086; x_wconf 94' lang='lat' dir='ltr'>vel</span> <span class='ocrx_word' id='word_1_34' title='bbox 1081 1024 1193 1087; x_wconf 87' lang='lat' dir='ltr'>Taciti</span> <span class='ocrx_word' id='word_1_35' title='bbox 1218 1026 1273 1088; x_wconf 92' lang='lat' dir='ltr'>vel</span> <span class='ocrx_word' id='word_1_36' title='bbox 1299 1029 1412 1091; x_wconf 91' lang='lat' dir='ltr'>cuius-</span> 
     </span>
     <span class='ocr_line' id='line_1_7' title="bbox 202 1141 1411 1225; baseline 0.006 -22"><span class='ocrx_word' id='word_1_37' title='bbox 202 1162 304 1224; x_wconf 90' lang='lat' dir='ltr'>quam</span> <span class='ocrx_word' id='word_1_38' title='bbox 328 1141 512 1223; x_wconf 82' lang='lat' dir='ltr'>„liberum”</span> <span class='ocrx_word' id='word_1_39' title='bbox 534 1163 718 1225; x_wconf 86' lang='lat' dir='ltr'>agnoscere</span> <span class='ocrx_word' id='word_1_40' title='bbox 742 1142 971 1223; x_wconf 84' lang='lat' dir='ltr'>,arbitrium’&#39;.</span> <span class='ocrx_word' id='word_1_41' title='bbox 994 1143 1083 1206; x_wconf 90' lang='lat' dir='ltr'>Nam</span> <span class='ocrx_word' id='word_1_42' title='bbox 1104 1146 1153 1207; x_wconf 91' lang='lat' dir='ltr'>sic</span> <span class='ocrx_word' id='word_1_43' title='bbox 1174 1165 1209 1207; x_wconf 88' lang='lat' dir='ltr'>se</span> <span class='ocrx_word' id='word_1_44' title='bbox 1224 1166 1277 1207; x_wconf 93' lang='lat' dir='ltr'>res</span> <span class='ocrx_word' id='word_1_45' title='bbox 1291 1145 1411 1210; x_wconf 91' lang='lat' dir='ltr'>habet.</span> 
     </span>
     <span class='ocr_line' id='line_1_8' title="bbox 203 1260 1265 1344; baseline 0.004 -21"><span class='ocrx_word' id='word_1_46' title='bbox 203 1260 310 1344; x_wconf 89' lang='lat' dir='ltr'><strong>Apud</strong></span> <span class='ocrx_word' id='word_1_47' title='bbox 335 1261 552 1325; x_wconf 89' lang='lat' dir='ltr'>Plutarchum</span> <span class='ocrx_word' id='word_1_48' title='bbox 576 1262 641 1325; x_wconf 93' lang='lat' dir='ltr'>hoc</span> <span class='ocrx_word' id='word_1_49' title='bbox 665 1263 709 1325; x_wconf 90' lang='lat' dir='ltr'>de</span> <span class='ocrx_word' id='word_1_50' title='bbox 733 1263 855 1325; x_wconf 91' lang='lat' dir='ltr'>eadem</span> <span class='ocrx_word' id='word_1_51' title='bbox 879 1282 915 1324; x_wconf 90' lang='lat' dir='ltr'>re</span> <span class='ocrx_word' id='word_1_52' title='bbox 940 1261 1063 1344; x_wconf 85' lang='lat' dir='ltr'>legitur</span> <span class='ocrx_word' id='word_1_53' title='bbox 1087 1263 1265 1327; x_wconf 90' lang='lat' dir='ltr'>iudicium:</span> 
     </span>
    </p>

    <p class='ocr_par' dir='ltr' id='par_1_4' title="bbox 204 1379 1410 1582">
     <span class='ocr_line' id='line_1_9' title="bbox 246 1379 1410 1463; baseline 0.003 -19"><span class='ocrx_word' id='word_1_54' title='bbox 246 1381 279 1444; x_wconf 80' lang='grc' dir='ltr'>οὖ</span> <span class='ocrx_word' id='word_1_55' title='bbox 311 1379 431 1458; x_wconf 75' lang='grc' dir='ltr'><strong><em>ψευδῶς</em></strong></span> <span class='ocrx_word' id='word_1_56' title='bbox 462 1379 533 1458; x_wconf 70' lang='grc' dir='ltr'>μέν,</span> <span class='ocrx_word' id='word_1_57' title='bbox 564 1381 693 1457; x_wconf 73' lang='grc' dir='ltr'><strong><em>γελοίως</em></strong></span> <span class='ocrx_word' id='word_1_58' title='bbox 724 1380 756 1445; x_wconf 74' lang='grc' dir='ltr'>δὲ</span> <span class='ocrx_word' id='word_1_59' title='bbox 784 1379 837 1444; x_wconf 71' lang='lat' dir='ltr'>xci</span> <span class='ocrx_word' id='word_1_60' title='bbox 870 1379 1006 1454; x_wconf 70' lang='grc' dir='ltr'><strong><em>ἀνοήτως</em></strong></span> <span class='ocrx_word' id='word_1_61' title='bbox 1032 1380 1159 1462; x_wconf 73' lang='grc' dir='ltr'><strong><em>οοὶτὲρου</em></strong></span> <span class='ocrx_word' id='word_1_62' title='bbox 1183 1383 1236 1445; x_wconf 84' lang='grc' dir='ltr'>τὸν</span> <span class='ocrx_word' id='word_1_63' title='bbox 1260 1380 1362 1463; x_wconf 78' lang='grc' dir='ltr'><strong><em>ἕτερον</em></strong></span> <span class='ocrx_word' id='word_1_64' title='bbox 1388 1382 1410 1448; x_wconf 77' lang='grc' dir='ltr'><em>ἃ</em></span> 
     </span>
     <span class='ocr_line' id='line_1_10' title="bbox 204 1498 896 1582; baseline 0.001 -18"><span class='ocrx_word' id='word_1_65' title='bbox 204 1507 320 1581; x_wconf 77' lang='grc' dir='ltr'><strong><em>προσῆν</em></strong></span> <span class='ocrx_word' id='word_1_66' title='bbox 344 1500 533 1582; x_wconf 72' lang='grc' dir='ltr'><strong><em>ἀμφοτέροις</em></strong></span> <span class='ocrx_word' id='word_1_67' title='bbox 559 1498 655 1575; x_wconf 74' lang='grc' dir='ltr'><strong><em>ὀνείδη</em></strong></span> <span class='ocrx_word' id='word_1_68' title='bbox 680 1499 896 1580; x_wconf 75' lang='grc' dir='ltr'><strong><em>λοιδοροῦντος.</em></strong></span> 
     </span>
    </p>

    <p class='ocr_par' dir='ltr' id='par_1_5' title="bbox 207 1620 1415 2544">
     <span class='ocr_line' id='line_1_11' title="bbox 248 1620 1411 1705; baseline 0.002 -19"><span class='ocrx_word' id='word_1_69' title='bbox 248 1623 341 1705; x_wconf 85' lang='lat' dir='ltr'>Ergo</span> <span class='ocrx_word' id='word_1_70' title='bbox 372 1622 406 1686; x_wconf 93' lang='lat' dir='ltr'>in</span> <span class='ocrx_word' id='word_1_71' title='bbox 437 1621 609 1685; x_wconf 90' lang='lat' dir='ltr'>communi</span> <span class='ocrx_word' id='word_1_72' title='bbox 642 1620 736 1684; x_wconf 88' lang='lat' dir='ltr'>ionte</span> <span class='ocrx_word' id='word_1_73' title='bbox 768 1620 830 1684; x_wconf 88' lang='lat' dir='ltr'>luit</span> <span class='ocrx_word' id='word_1_74' title='bbox 862 1623 1031 1704; x_wconf 90' lang='lat' dir='ltr'>quaedam</span> <span class='ocrx_word' id='word_1_75' title='bbox 1063 1624 1227 1686; x_wconf 92' lang='lat' dir='ltr'>orationis</span> <span class='ocrx_word' id='word_1_76' title='bbox 1259 1626 1411 1702; x_wconf 91' lang='lat' dir='ltr'>ubertas,</span> 
     </span>
     <span class='ocr_line' id='line_1_12' title="bbox 207 1741 1414 1826; baseline 0.001 -19"><span class='ocrx_word' id='word_1_77' title='bbox 207 1762 310 1826; x_wconf 90' lang='lat' dir='ltr'>quam</span> <span class='ocrx_word' id='word_1_78' title='bbox 342 1741 540 1806; x_wconf 89' lang='lat' dir='ltr'>Plutarchus</span> <span class='ocrx_word' id='word_1_79' title='bbox 571 1741 706 1824; x_wconf 88' lang='lat' dir='ltr'>reliquit</span> <span class='ocrx_word' id='word_1_80' title='bbox 738 1743 912 1818; x_wconf 87' lang='lat' dir='ltr'>intactam,</span> <span class='ocrx_word' id='word_1_81' title='bbox 939 1751 975 1805; x_wconf 90' lang='lat' dir='ltr'>at</span> <span class='ocrx_word' id='word_1_82' title='bbox 999 1742 1139 1805; x_wconf 91' lang='lat' dir='ltr'>Tacitus</span> <span class='ocrx_word' id='word_1_83' title='bbox 1164 1745 1414 1808; x_wconf 91' lang='lat' dir='ltr'>vocabulorum</span> 
     </span>
     <span class='ocr_line' id='line_1_13' title="bbox 212 1861 1413 1944; baseline 0.002 -19"><span class='ocrx_word' id='word_1_84' title='bbox 212 1863 373 1925; x_wconf 90' lang='lat' dir='ltr'>maiorem</span> <span class='ocrx_word' id='word_1_85' title='bbox 398 1862 512 1926; x_wconf 92' lang='lat' dir='ltr'>omisit</span> <span class='ocrx_word' id='word_1_86' title='bbox 535 1870 668 1944; x_wconf 92' lang='lat' dir='ltr'>partem</span> <span class='ocrx_word' id='word_1_87' title='bbox 692 1869 727 1924; x_wconf 90' lang='lat' dir='ltr'>et</span> <span class='ocrx_word' id='word_1_88' title='bbox 746 1863 794 1924; x_wconf 90' lang='lat' dir='ltr'>sic</span> <span class='ocrx_word' id='word_1_89' title='bbox 815 1862 927 1924; x_wconf 90' lang='lat' dir='ltr'>brevis</span> <span class='ocrx_word' id='word_1_90' title='bbox 947 1861 1003 1924; x_wconf 91' lang='lat' dir='ltr'>illa</span> <span class='ocrx_word' id='word_1_91' title='bbox 1023 1871 1103 1925; x_wconf 91' lang='lat' dir='ltr'>nata</span> <span class='ocrx_word' id='word_1_92' title='bbox 1123 1872 1174 1926; x_wconf 93' lang='lat' dir='ltr'>est</span> <span class='ocrx_word' id='word_1_93' title='bbox 1193 1865 1413 1940; x_wconf 91' lang='lat' dir='ltr'>sententiola,</span> 
     </span>
     <span class='ocr_line' id='line_1_14' title="bbox 210 1982 1413 2064; baseline 0.002 -20"><span class='ocrx_word' id='word_1_94' title='bbox 210 2002 313 2064; x_wconf 90' lang='lat' dir='ltr'>quam</span> <span class='ocrx_word' id='word_1_95' title='bbox 349 2002 409 2045; x_wconf 88' lang='lat' dir='ltr'>vos</span> <span class='ocrx_word' id='word_1_96' title='bbox 441 2003 529 2046; x_wconf 91' lang='lat' dir='ltr'>nunc</span> <span class='ocrx_word' id='word_1_97' title='bbox 561 1990 737 2064; x_wconf 89' lang='lat' dir='ltr'>tamquam</span> <span class='ocrx_word' id='word_1_98' title='bbox 768 2002 847 2044; x_wconf 89' lang='lat' dir='ltr'>vere</span> <span class='ocrx_word' id='word_1_99' title='bbox 879 1982 1055 2045; x_wconf 89' lang='lat' dir='ltr'>Taciteam</span> <span class='ocrx_word' id='word_1_100' title='bbox 1086 1983 1190 2046; x_wconf 90' lang='lat' dir='ltr'>stulte</span> <span class='ocrx_word' id='word_1_101' title='bbox 1223 1985 1413 2049; x_wconf 89' lang='lat' dir='ltr'>miramini:</span> 
     </span>
     <span class='ocr_line' id='line_1_15' title="bbox 210 2100 1415 2186; baseline 0.002 -21"><span class='ocrx_word' id='word_1_102' title='bbox 210 2122 278 2166; x_wconf 93' lang='lat' dir='ltr'>non</span> <span class='ocrx_word' id='word_1_103' title='bbox 302 2103 404 2178; x_wconf 89' lang='lat' dir='ltr'>enim,</span> <span class='ocrx_word' id='word_1_104' title='bbox 428 2102 589 2185; x_wconf 93' lang='lat' dir='ltr'>quoniam</span> <span class='ocrx_word' id='word_1_105' title='bbox 613 2102 661 2165; x_wconf 91' lang='lat' dir='ltr'>sic</span> <span class='ocrx_word' id='word_1_106' title='bbox 685 2100 824 2164; x_wconf 86' lang='lat' dir='ltr'>Tacitus</span> <span class='ocrx_word' id='word_1_107' title='bbox 847 2101 965 2179; x_wconf 95' lang='lat' dir='ltr'>voluit,</span> <span class='ocrx_word' id='word_1_108' title='bbox 990 2111 1070 2164; x_wconf 89' lang='lat' dir='ltr'>nata</span> <span class='ocrx_word' id='word_1_109' title='bbox 1094 2123 1134 2164; x_wconf 92' lang='lat' dir='ltr'>ea</span> <span class='ocrx_word' id='word_1_110' title='bbox 1158 2112 1220 2178; x_wconf 91' lang='lat' dir='ltr'>est,</span> <span class='ocrx_word' id='word_1_111' title='bbox 1245 2105 1305 2166; x_wconf 91' lang='lat' dir='ltr'>sed</span> <span class='ocrx_word' id='word_1_112' title='bbox 1332 2107 1415 2186; x_wconf 92' lang='lat' dir='ltr'>quia</span> 
     </span>
     <span class='ocr_line' id='line_1_16' title="bbox 210 2220 1414 2304; baseline 0.002 -19"><span class='ocrx_word' id='word_1_113' title='bbox 210 2222 267 2285; x_wconf 92' lang='lat' dir='ltr'>lex</span> <span class='ocrx_word' id='word_1_114' title='bbox 298 2222 447 2297; x_wconf 89' lang='lat' dir='ltr'>iubebat,</span> <span class='ocrx_word' id='word_1_115' title='bbox 480 2242 583 2304; x_wconf 91' lang='lat' dir='ltr'>quam</span> <span class='ocrx_word' id='word_1_116' title='bbox 615 2230 693 2304; x_wconf 89' lang='lat' dir='ltr'>post</span> <span class='ocrx_word' id='word_1_117' title='bbox 725 2221 831 2284; x_wconf 92' lang='lat' dir='ltr'>multa</span> <span class='ocrx_word' id='word_1_118' title='bbox 861 2221 994 2284; x_wconf 91' lang='lat' dir='ltr'>saecula</span> <span class='ocrx_word' id='word_1_119' title='bbox 1020 2220 1196 2286; x_wconf 87' lang='lat' dir='ltr'>Nissenius</span> <span class='ocrx_word' id='word_1_120' title='bbox 1219 2232 1313 2286; x_wconf 89' lang='lat' dir='ltr'>certa</span> <span class='ocrx_word' id='word_1_121' title='bbox 1338 2234 1414 2287; x_wconf 90' lang='lat' dir='ltr'>erat</span> 
     </span>
     <span class='ocr_line' id='line_1_17' title="bbox 210 2339 1414 2425; baseline 0.002 -21"><span class='ocrx_word' id='word_1_122' title='bbox 210 2351 436 2425; x_wconf 91' lang='lat' dir='ltr'>concepturus</span> <span class='ocrx_word' id='word_1_123' title='bbox 459 2341 611 2404; x_wconf 83' lang='lat' dir='ltr'>formula.</span> <span class='ocrx_word' id='word_1_124' title='bbox 637 2339 718 2414; x_wconf 89' lang='lat' dir='ltr'>Aut,</span> <span class='ocrx_word' id='word_1_125' title='bbox 742 2341 769 2402; x_wconf 90' lang='lat' dir='ltr'>si</span> <span class='ocrx_word' id='word_1_126' title='bbox 794 2340 859 2403; x_wconf 93' lang='lat' dir='ltr'>hoc</span> <span class='ocrx_word' id='word_1_127' title='bbox 884 2341 1052 2416; x_wconf 75' lang='lat' dir='ltr'>mavultiS,</span> <span class='ocrx_word' id='word_1_128' title='bbox 1077 2341 1275 2424; x_wconf 88' lang='lat' dir='ltr'>imprudens</span> <span class='ocrx_word' id='word_1_129' title='bbox 1300 2363 1414 2425; x_wconf 91' lang='lat' dir='ltr'>neque</span> 
     </span>
     <span class='ocr_line' id='line_1_18' title="bbox 211 2459 1411 2544; baseline 0 -19"><span class='ocrx_word' id='word_1_130' title='bbox 211 2462 397 2544; x_wconf 90' lang='lat' dir='ltr'>quidquam</span> <span class='ocrx_word' id='word_1_131' title='bbox 419 2462 498 2524; x_wconf 92' lang='lat' dir='ltr'>inde</span> <span class='ocrx_word' id='word_1_132' title='bbox 519 2469 723 2543; x_wconf 90' lang='lat' dir='ltr'>exspectans</span> <span class='ocrx_word' id='word_1_133' title='bbox 742 2460 861 2536; x_wconf 79' lang='lat' dir='ltr'>laudiS,</span> <span class='ocrx_word' id='word_1_134' title='bbox 882 2480 958 2523; x_wconf 91' lang='lat' dir='ltr'>eam</span> <span class='ocrx_word' id='word_1_135' title='bbox 971 2461 1019 2523; x_wconf 90' lang='lat' dir='ltr'>ita</span> <span class='ocrx_word' id='word_1_136' title='bbox 1031 2459 1171 2524; x_wconf 91' lang='lat' dir='ltr'>Tacitus</span> <span class='ocrx_word' id='word_1_137' title='bbox 1184 2462 1411 2526; x_wconf 90' lang='lat' dir='ltr'>enuntiavit”.</span> 
     </span>
    </p>

    <p class='ocr_par' dir='ltr' id='par_1_6' title="bbox 211 2580 1414 3366">
     <span class='ocr_line' id='line_1_19' title="bbox 256 2580 1413 2664; baseline 0.001 -20"><span class='ocrx_word' id='word_1_138' title='bbox 256 2581 401 2644; x_wconf 91' lang='lat' dir='ltr'>Boissier</span> <span class='ocrx_word' id='word_1_139' title='bbox 427 2590 552 2656; x_wconf 90' lang='lat' dir='ltr'>autem,</span> <span class='ocrx_word' id='word_1_140' title='bbox 577 2600 783 2662; x_wconf 91' lang='lat' dir='ltr'>quamquam</span> <span class='ocrx_word' id='word_1_141' title='bbox 809 2600 851 2643; x_wconf 93' lang='lat' dir='ltr'>ne</span> <span class='ocrx_word' id='word_1_142' title='bbox 876 2581 948 2662; x_wconf 90' lang='lat' dir='ltr'>ipse</span> <span class='ocrx_word' id='word_1_143' title='bbox 972 2580 1111 2662; x_wconf 90' lang='lat' dir='ltr'>quidem</span> <span class='ocrx_word' id='word_1_144' title='bbox 1135 2582 1323 2662; x_wconf 90' lang='lat' dir='ltr'>quidquam</span> <span class='ocrx_word' id='word_1_145' title='bbox 1349 2603 1413 2664; x_wconf 94' lang='lat' dir='ltr'>pro</span> 
     </span>
     <span class='ocr_line' id='line_1_20' title="bbox 212 2698 1413 2765; baseline 0.002 -2"><span class='ocrx_word' id='word_1_146' title='bbox 212 2710 306 2764; x_wconf 93' lang='lat' dir='ltr'>certo</span> <span class='ocrx_word' id='word_1_147' title='bbox 341 2702 507 2764; x_wconf 88' lang='lat' dir='ltr'>affirmare</span> <span class='ocrx_word' id='word_1_148' title='bbox 541 2720 641 2764; x_wconf 92' lang='lat' dir='ltr'>ausus</span> <span class='ocrx_word' id='word_1_149' title='bbox 676 2708 727 2763; x_wconf 88' lang='lat' dir='ltr'>est</span> <span class='ocrx_word' id='word_1_150' title='bbox 757 2735 801 2745; x_wconf 89' lang='lat'>—</span> <span class='ocrx_word' id='word_1_151' title='bbox 831 2700 879 2762; x_wconf 91' lang='lat' dir='ltr'>sic</span> <span class='ocrx_word' id='word_1_152' title='bbox 914 2700 1006 2762; x_wconf 89' lang='lat' dir='ltr'>enim</span> <span class='ocrx_word' id='word_1_153' title='bbox 1037 2698 1106 2762; x_wconf 85' lang='lat' dir='ltr'>lere</span> <span class='ocrx_word' id='word_1_154' title='bbox 1137 2701 1413 2765; x_wconf 89' lang='lat' dir='ltr'>venustissimam</span> 
     </span>
     <span class='ocr_line' id='line_1_21' title="bbox 212 2819 1414 2902; baseline -0.001 -17"><span class='ocrx_word' id='word_1_155' title='bbox 212 2842 307 2885; x_wconf 91' lang='lat' dir='ltr'>suam</span> <span class='ocrx_word' id='word_1_156' title='bbox 335 2821 634 2902; x_wconf 90' lang='lat' dir='ltr'>doctissimamque</span> <span class='ocrx_word' id='word_1_157' title='bbox 658 2819 831 2883; x_wconf 89' lang='lat' dir='ltr'>concludit</span> <span class='ocrx_word' id='word_1_158' title='bbox 855 2820 1139 2902; x_wconf 89' lang='lat' dir='ltr'>disputationem:</span> <span class='ocrx_word' id='word_1_159' title='bbox 1169 2822 1343 2902; x_wconf 81' lang='lat' dir='ltr'>„quaestio</span> <span class='ocrx_word' id='word_1_160' title='bbox 1369 2823 1414 2884; x_wconf 88' lang='lat' dir='ltr'>de</span> 
     </span>
     <span class='ocr_line' id='line_1_22' title="bbox 212 2939 1414 3023; baseline -0.001 -19"><span class='ocrx_word' id='word_1_161' title='bbox 212 2942 323 3006; x_wconf 88' lang='lat' dir='ltr'>Taciti</span> <span class='ocrx_word' id='word_1_162' title='bbox 354 2941 504 3006; x_wconf 80' lang='lat' dir='ltr'>sontibus</span> <span class='ocrx_word' id='word_1_163' title='bbox 535 2961 646 3023; x_wconf 90' lang='lat' dir='ltr'>neque</span> <span class='ocrx_word' id='word_1_164' title='bbox 676 2940 788 3004; x_wconf 91' lang='lat' dir='ltr'>soluta</span> <span class='ocrx_word' id='word_1_165' title='bbox 819 2947 870 3001; x_wconf 91' lang='lat' dir='ltr'>est</span> <span class='ocrx_word' id='word_1_166' title='bbox 897 2960 1019 3021; x_wconf 91' lang='lat' dir='ltr'>neque,</span> <span class='ocrx_word' id='word_1_167' title='bbox 1045 2948 1081 3001; x_wconf 95' lang='lat' dir='ltr'>ut</span> <span class='ocrx_word' id='word_1_168' title='bbox 1105 2939 1237 3022; x_wconf 91' lang='lat' dir='ltr'>opinor,</span> <span class='ocrx_word' id='word_1_169' title='bbox 1261 2940 1414 3004; x_wconf 89' lang='lat' dir='ltr'>solvetur</span> 
     </span>
     <span class='ocr_line' id='line_1_23' title="bbox 213 3058 1413 3146; baseline -0.003 -20"><span class='ocrx_word' id='word_1_170' title='bbox 213 3061 384 3146; x_wconf 90' lang='lat' dir='ltr'>unquam”</span> <span class='ocrx_word' id='word_1_171' title='bbox 408 3099 452 3109; x_wconf 94' lang='lat'>—</span> <span class='ocrx_word' id='word_1_172' title='bbox 471 3071 586 3126; x_wconf 89' lang='lat' dir='ltr'>tamen</span> <span class='ocrx_word' id='word_1_173' title='bbox 607 3062 735 3144; x_wconf 94' lang='lat' dir='ltr'>primus</span> <span class='ocrx_word' id='word_1_174' title='bbox 755 3060 826 3136; x_wconf 87' lang='lat' dir='ltr'>suit,</span> <span class='ocrx_word' id='word_1_175' title='bbox 847 3059 905 3141; x_wconf 93' lang='lat' dir='ltr'>qui</span> <span class='ocrx_word' id='word_1_176' title='bbox 926 3059 1066 3121; x_wconf 87' lang='lat' dir='ltr'>doceret</span> <span class='ocrx_word' id='word_1_177' title='bbox 1087 3058 1243 3121; x_wconf 87' lang='lat' dir='ltr'>homines</span> <span class='ocrx_word' id='word_1_178' title='bbox 1262 3061 1306 3121; x_wconf 90' lang='lat' dir='ltr'>ad</span> <span class='ocrx_word' id='word_1_179' title='bbox 1328 3080 1413 3141; x_wconf 90' lang='lat' dir='ltr'>quas</span> 
     </span>
     <span class='ocr_line' id='line_1_24' title="bbox 211 3178 1413 3247; baseline -0.004 0"><span class='ocrx_word' id='word_1_180' title='bbox 211 3183 438 3247; x_wconf 87' lang='lat' dir='ltr'>absurditates</span> <span class='ocrx_word' id='word_1_181' title='bbox 473 3183 671 3245; x_wconf 89' lang='lat' dir='ltr'>detruderet</span> <span class='ocrx_word' id='word_1_182' title='bbox 702 3179 759 3243; x_wconf 92' lang='lat' dir='ltr'>lex</span> <span class='ocrx_word' id='word_1_183' title='bbox 789 3179 846 3242; x_wconf 92' lang='lat' dir='ltr'>illa</span> <span class='ocrx_word' id='word_1_184' title='bbox 876 3179 969 3241; x_wconf 88' lang='lat' dir='ltr'>cives</span> <span class='ocrx_word' id='word_1_185' title='bbox 1000 3178 1099 3240; x_wconf 91' lang='lat' dir='ltr'>nimis</span> <span class='ocrx_word' id='word_1_186' title='bbox 1132 3180 1316 3242; x_wconf 90' lang='lat' dir='ltr'>modestos.</span> <span class='ocrx_word' id='word_1_187' title='bbox 1349 3180 1413 3243; x_wconf 91' lang='lat' dir='ltr'>Illo</span> 
     </span>
     <span class='ocr_line' id='line_1_25' title="bbox 212 3297 1413 3366; baseline -0.002 0"><span class='ocrx_word' id='word_1_188' title='bbox 212 3303 303 3366; x_wconf 91' lang='lat' dir='ltr'>enim</span> <span class='ocrx_word' id='word_1_189' title='bbox 323 3311 461 3366; x_wconf 89' lang='lat' dir='ltr'>auctore</span> <span class='ocrx_word' id='word_1_190' title='bbox 482 3302 549 3365; x_wconf 90' lang='lat' dir='ltr'>iam</span> <span class='ocrx_word' id='word_1_191' title='bbox 570 3300 783 3365; x_wconf 86' lang='lat' dir='ltr'>confidenter</span> <span class='ocrx_word' id='word_1_192' title='bbox 803 3298 867 3361; x_wconf 91' lang='lat' dir='ltr'>hoc</span> <span class='ocrx_word' id='word_1_193' title='bbox 880 3297 1052 3361; x_wconf 89' lang='lat' dir='ltr'>declarare</span> <span class='ocrx_word' id='word_1_194' title='bbox 1065 3300 1246 3363; x_wconf 91' lang='lat' dir='ltr'>audemus:</span> <span class='ocrx_word' id='word_1_195' title='bbox 1265 3301 1308 3362; x_wconf 93' lang='lat' dir='ltr'>sit</span> <span class='ocrx_word' id='word_1_196' title='bbox 1321 3310 1413 3364; x_wconf 88' lang='lat' dir='ltr'>cete-</span> 
     </span>
    </p>
   </div>
   <div class='ocr_carea' id='block_1_3' title="bbox 211 3416 1412 3504">
    <p class='ocr_par' dir='ltr' id='par_1_7' title="bbox 211 3416 1412 3504">
     <span class='ocr_line' id='line_1_26' title="bbox 211 3416 1412 3504; baseline -0.001 -20"><span class='ocrx_word' id='word_1_197' title='bbox 211 3422 333 3503; x_wconf 91' lang='lat' dir='ltr'>roquin</span> <span class='ocrx_word' id='word_1_198' title='bbox 365 3420 608 3504; x_wconf 90' lang='lat' dir='ltr'>qualiscunque</span> <span class='ocrx_word' id='word_1_199' title='bbox 639 3419 789 3493; x_wconf 88' lang='lat' dir='ltr'>Tacitus,</span> <span class='ocrx_word' id='word_1_200' title='bbox 819 3417 862 3480; x_wconf 92' lang='lat' dir='ltr'>sit</span> <span class='ocrx_word' id='word_1_201' title='bbox 893 3417 927 3478; x_wconf 94' lang='lat' dir='ltr'>in</span> <span class='ocrx_word' id='word_1_202' title='bbox 959 3416 1162 3498; x_wconf 87' lang='lat' dir='ltr'>inquirendo</span> <span class='ocrx_word' id='word_1_203' title='bbox 1188 3419 1333 3502; x_wconf 85' lang='lat' dir='ltr'>diligens</span> <span class='ocrx_word' id='word_1_204' title='bbox 1357 3422 1412 3484; x_wconf 91' lang='lat' dir='ltr'>vel</span> 
     </span>
    </p>
   </div>
   <div class='ocr_carea' id='block_1_4' title="bbox 211 3537 1413 4458">
    <p class='ocr_par' dir='ltr' id='par_1_8' title="bbox 211 3537 1413 4458">
     <span class='ocr_line' id='line_1_27' title="bbox 211 3537 1412 3622; baseline -0.001 -20"><span class='ocrx_word' id='word_1_205' title='bbox 211 3541 375 3622; x_wconf 86' lang='lat' dir='ltr'>incautus,</span> <span class='ocrx_word' id='word_1_206' title='bbox 400 3542 434 3604; x_wconf 95' lang='lat' dir='ltr'>in</span> <span class='ocrx_word' id='word_1_207' title='bbox 459 3541 649 3604; x_wconf 90' lang='lat' dir='ltr'>enarrando</span> <span class='ocrx_word' id='word_1_208' title='bbox 673 3540 779 3602; x_wconf 92' lang='lat' dir='ltr'>iustus</span> <span class='ocrx_word' id='word_1_209' title='bbox 803 3537 857 3600; x_wconf 86' lang='lat' dir='ltr'>vel</span> <span class='ocrx_word' id='word_1_210' title='bbox 882 3537 1034 3619; x_wconf 91' lang='lat' dir='ltr'>cupidus,</span> <span class='ocrx_word' id='word_1_211' title='bbox 1056 3545 1091 3599; x_wconf 89' lang='lat' dir='ltr'>at</span> <span class='ocrx_word' id='word_1_212' title='bbox 1112 3537 1216 3603; x_wconf 89' lang='lat' dir='ltr'>habet</span> <span class='ocrx_word' id='word_1_213' title='bbox 1237 3539 1412 3620; x_wconf 84' lang='lat' dir='ltr'>ingenium</span> 
     </span>
     <span class='ocr_line' id='line_1_28' title="bbox 213 3657 1411 3744; baseline -0.003 -21"><span class='ocrx_word' id='word_1_214' title='bbox 213 3660 387 3744; x_wconf 92' lang='lat' dir='ltr'>proprium</span> <span class='ocrx_word' id='word_1_215' title='bbox 418 3679 594 3741; x_wconf 90' lang='lat' dir='ltr'>suumque,</span> <span class='ocrx_word' id='word_1_216' title='bbox 628 3659 869 3742; x_wconf 87' lang='lat' dir='ltr'>propriamque</span> <span class='ocrx_word' id='word_1_217' title='bbox 893 3658 964 3720; x_wconf 90' lang='lat' dir='ltr'>eius</span> <span class='ocrx_word' id='word_1_218' title='bbox 989 3657 1140 3719; x_wconf 92' lang='lat' dir='ltr'>indolem</span> <span class='ocrx_word' id='word_1_219' title='bbox 1165 3658 1266 3720; x_wconf 85' lang='lat' dir='ltr'>refert</span> <span class='ocrx_word' id='word_1_220' title='bbox 1290 3660 1411 3722; x_wconf 89' lang='lat' dir='ltr'>oratio.</span> 
     </span>
     <span class='ocr_line' id='line_1_29' title="bbox 213 3778 1412 3862; baseline -0.001 -20"><span class='ocrx_word' id='word_1_221' title='bbox 213 3781 397 3862; x_wconf 88' lang='lat' dir='ltr'>Postquam</span> <span class='ocrx_word' id='word_1_222' title='bbox 422 3799 502 3842; x_wconf 88' lang='lat' dir='ltr'>vero</span> <span class='ocrx_word' id='word_1_223' title='bbox 528 3779 658 3841; x_wconf 86' lang='lat' dir='ltr'>exstitit</span> <span class='ocrx_word' id='word_1_224' title='bbox 683 3779 918 3854; x_wconf 90' lang='lat' dir='ltr'>Woelfflinius,</span> <span class='ocrx_word' id='word_1_225' title='bbox 943 3778 1001 3859; x_wconf 92' lang='lat' dir='ltr'>qui</span> <span class='ocrx_word' id='word_1_226' title='bbox 1024 3778 1162 3859; x_wconf 85' lang='lat' dir='ltr'>egregio</span> <span class='ocrx_word' id='word_1_227' title='bbox 1188 3778 1314 3858; x_wconf 83' lang='lat' dir='ltr'>ingenii</span> <span class='ocrx_word' id='word_1_228' title='bbox 1335 3799 1412 3841; x_wconf 92' lang='lat' dir='ltr'>acu-</span> 
     </span>
     <span class='ocr_line' id='line_1_30' title="bbox 213 3896 1412 3982; baseline 0 -22"><span class='ocrx_word' id='word_1_229' title='bbox 213 3899 302 3960; x_wconf 92' lang='lat' dir='ltr'>mine</span> <span class='ocrx_word' id='word_1_230' title='bbox 324 3899 411 3961; x_wconf 91' lang='lat' dir='ltr'>hanc</span> <span class='ocrx_word' id='word_1_231' title='bbox 432 3907 661 3982; x_wconf 90' lang='lat' dir='ltr'>perscrutatus</span> <span class='ocrx_word' id='word_1_232' title='bbox 682 3907 733 3961; x_wconf 93' lang='lat' dir='ltr'>est</span> <span class='ocrx_word' id='word_1_233' title='bbox 754 3898 999 3980; x_wconf 89' lang='lat' dir='ltr'>quaestionem,</span> <span class='ocrx_word' id='word_1_234' title='bbox 1022 3897 1137 3958; x_wconf 91' lang='lat' dir='ltr'>omnia</span> <span class='ocrx_word' id='word_1_235' title='bbox 1157 3897 1213 3959; x_wconf 93' lang='lat' dir='ltr'>illa</span> <span class='ocrx_word' id='word_1_236' title='bbox 1227 3896 1412 3973; x_wconf 90' lang='lat' dir='ltr'>volumina,</span> 
     </span>
     <span class='ocr_line' id='line_1_31' title="bbox 212 4014 1412 4100; baseline 0 -20"><span class='ocrx_word' id='word_1_237' title='bbox 212 4038 298 4100; x_wconf 88' lang='lat' dir='ltr'>quae</span> <span class='ocrx_word' id='word_1_238' title='bbox 334 4017 444 4098; x_wconf 84' lang='lat' dir='ltr'>longis</span> <span class='ocrx_word' id='word_1_239' title='bbox 478 4017 631 4081; x_wconf 89' lang='lat' dir='ltr'>locorum</span> <span class='ocrx_word' id='word_1_240' title='bbox 667 4016 903 4100; x_wconf 90' lang='lat' dir='ltr'>parallelorum</span> <span class='ocrx_word' id='word_1_241' title='bbox 938 4014 1063 4078; x_wconf 90' lang='lat' dir='ltr'>tabulis</span> <span class='ocrx_word' id='word_1_242' title='bbox 1101 4015 1222 4079; x_wconf 90' lang='lat' dir='ltr'>Tacito</span> <span class='ocrx_word' id='word_1_243' title='bbox 1260 4017 1412 4080; x_wconf 86' lang='lat' dir='ltr'>adimere</span> 
     </span>
     <span class='ocr_line' id='line_1_32' title="bbox 212 4137 1413 4219; baseline -0.001 -18"><span class='ocrx_word' id='word_1_244' title='bbox 212 4140 350 4202; x_wconf 91' lang='lat' dir='ltr'>student</span> <span class='ocrx_word' id='word_1_245' title='bbox 379 4139 545 4219; x_wconf 90' lang='lat' dir='ltr'>quidquid</span> <span class='ocrx_word' id='word_1_246' title='bbox 571 4139 663 4201; x_wconf 96' lang='lat' dir='ltr'>illum</span> <span class='ocrx_word' id='word_1_247' title='bbox 689 4138 837 4201; x_wconf 90' lang='lat' dir='ltr'>maxime</span> <span class='ocrx_word' id='word_1_248' title='bbox 861 4157 880 4199; x_wconf 93' lang='lat' dir='ltr'>a</span> <span class='ocrx_word' id='word_1_249' title='bbox 905 4144 1095 4199; x_wconf 89' lang='lat' dir='ltr'>ceterorum</span> <span class='ocrx_word' id='word_1_250' title='bbox 1119 4137 1321 4219; x_wconf 91' lang='lat' dir='ltr'>scriptorum</span> <span class='ocrx_word' id='word_1_251' title='bbox 1347 4139 1413 4200; x_wconf 92' lang='lat' dir='ltr'>dis-</span> 
     </span>
     <span class='ocr_line' id='line_1_33' title="bbox 213 4256 1413 4340; baseline 0.002 -22"><span class='ocrx_word' id='word_1_252' title='bbox 213 4258 337 4340; x_wconf 89' lang='lat' dir='ltr'>tinguit</span> <span class='ocrx_word' id='word_1_253' title='bbox 369 4265 479 4331; x_wconf 92' lang='lat' dir='ltr'>coetu,</span> <span class='ocrx_word' id='word_1_254' title='bbox 512 4257 685 4321; x_wconf 90' lang='lat' dir='ltr'>volumina</span> <span class='ocrx_word' id='word_1_255' title='bbox 712 4257 768 4322; x_wconf 90' lang='lat' dir='ltr'>illa</span> <span class='ocrx_word' id='word_1_256' title='bbox 792 4258 983 4339; x_wconf 89' lang='lat' dir='ltr'>composita</span> <span class='ocrx_word' id='word_1_257' title='bbox 1006 4277 1027 4318; x_wconf 91' lang='lat' dir='ltr'>a</span> <span class='ocrx_word' id='word_1_258' title='bbox 1050 4256 1130 4318; x_wconf 91' lang='lat' dir='ltr'>viris</span> <span class='ocrx_word' id='word_1_259' title='bbox 1154 4258 1222 4339; x_wconf 91' lang='lat' dir='ltr'>qui,</span> <span class='ocrx_word' id='word_1_260' title='bbox 1247 4265 1283 4319; x_wconf 89' lang='lat' dir='ltr'>ut</span> <span class='ocrx_word' id='word_1_261' title='bbox 1308 4258 1413 4340; x_wconf 90' lang='lat' dir='ltr'>ipsius</span> 
     </span>
     <span class='ocr_line' id='line_1_34' title="bbox 214 4375 1413 4458; baseline -0.001 -19"><span class='ocrx_word' id='word_1_262' title='bbox 214 4375 410 4439; x_wconf 89' lang='lat' dir='ltr'>Woelfflinii</span> <span class='ocrx_word' id='word_1_263' title='bbox 435 4383 509 4437; x_wconf 90' lang='lat' dir='ltr'>utar</span> <span class='ocrx_word' id='word_1_264' title='bbox 533 4375 627 4439; x_wconf 93' lang='lat' dir='ltr'>dicto</span> <span class='ocrx_word' id='word_1_265' title='bbox 651 4397 764 4454; x_wconf 90' lang='lat' dir='ltr'>aureo,</span> <span class='ocrx_word' id='word_1_266' title='bbox 792 4385 882 4458; x_wconf 88' lang='lat' dir='ltr'>,tarn</span> <span class='ocrx_word' id='word_1_267' title='bbox 906 4377 1012 4438; x_wconf 90' lang='lat' dir='ltr'>densa</span> <span class='ocrx_word' id='word_1_268' title='bbox 1035 4394 1071 4436; x_wconf 92' lang='lat' dir='ltr'>se</span> <span class='ocrx_word' id='word_1_269' title='bbox 1095 4376 1307 4438; x_wconf 90' lang='lat' dir='ltr'>circumdant</span> <span class='ocrx_word' id='word_1_270' title='bbox 1332 4377 1413 4438; x_wconf 92' lang='lat' dir='ltr'>doc·</span> 
     </span>
    </p>
   </div>
   <div class='ocr_carea' id='block_1_5' title="bbox 0 0 1615 5274">
    <p class='ocr_par' dir='ltr' id='par_1_9' title="bbox 0 0 1615 5274">
     <span class='ocr_line' id='line_1_35' title="bbox 0 0 1615 5274; baseline 0 0"><span class='ocrx_word' id='word_1_271' title='bbox 0 0 1615 5274; x_wconf 95' lang='lat' dir='ltr'> </span> 
     </span>
    </p>
   </div>
  </div>
 </body>
</html>
