3210 5274
541 1406 544 1411 ’
632 1401 692 1464 ΧΙ.

104 1619 164 1682 Ad
196 1618 291 1684 locos
322 1623 422 1686 venio
454 1623 538 1700 illos,
570 1626 627 1688 ubi
659 1626 769 1688 Taciti
801 1634 951 1688 mentem
984 1627 1136 1689 nondum
1168 1628 1256 1691 bene

58 1747 277 1820 perspectam
309 1760 329 1803 a
360 1743 439 1805 viris
470 1742 580 1806 doctis
611 1752 669 1806 aut
700 1753 862 1826 expertus
890 1765 964 1807 sum
995 1754 1055 1809 aut
1087 1766 1154 1809 non
1186 1749 1258 1810 sine

59 1876 164 1919 causa
205 1860 368 1942 suspicari
408 1861 489 1924 mihi
526 1862 654 1925 videor.
692 1863 761 1925 Eos
796 1883 877 1944 ergo
910 1865 958 1925 sic
994 1884 1183 1946 proponam
1221 1875 1257 1928 ut

58 1979 237 2058 quomodo
269 1979 350 2042 mihi
382 1980 593 2063 intelligendi
626 1982 807 2044 videantur
837 2002 1001 2045 enarrem.
1031 1984 1096 2045 Hic
1121 2004 1257 2065 quoque

58 2115 318 2178 nonnumquam
353 2098 471 2162 inutile
506 2099 644 2182 aliquod
676 2101 882 2163 emendandi
914 2121 1080 2164 conamen
1112 2102 1258 2165 refutare

59 2216 222 2278 conabor.

102 2334 148 2397 A.
170 2335 266 2411 Xlll,
287 2356 341 2418 43.
361 2338 487 2421 Agitur
506 2339 549 2401 de
570 2358 671 2402 causa
691 2337 809 2414 Suillii,
831 2340 887 2420 qui
905 2340 1095 2421 imperante
1112 2338 1254 2403 Claudio

58 2451 208 2517 famosus
228 2455 456 2519 delationibus
472 2456 596 2534 suerat;
614 2459 641 2520 is
657 2477 746 2520 nunc
764 2456 914 2521 Senecae
932 2479 1036 2540 opera
1049 2480 1124 2522 reus
1136 2459 1255 2535 sactus,

58 2574 206 2656 primum
238 2595 274 2638 se
304 2576 338 2639 in
370 2577 529 2640 omnibus
561 2578 662 2640 rebus
692 2576 835 2641 Claudio
860 2578 1009 2659 paruisse
1033 2579 1157 2653 aiebat,
1182 2589 1255 2643 turn

57 2693 146 2756 iussa
171 2694 373 2758 Messalinae
398 2697 656 2778 praetendebat.
682 2697 748 2759 Hic
773 2697 956 2760 adversarii
981 2699 1053 2760 eius
1072 2698 1254 2779 rogabant:

102 2834 184 2894 ,cur
207 2817 378 2878 neminem
401 2816 504 2879 aliurn
528 2816 699 2880 delectum
723 2817 781 2898 qui
800 2818 965 2880 saevienti
984 2817 1176 2900 impudicae
1198 2839 1256 2881 vo·

55 2955 130 2999 cem
157 2935 339 3017 praeberet
348 2933 381 2998 ?”

55 3054 318 3135 addebantque:

102 3175 316 3257 ,puniendos
340 3194 451 3237 rerum
474 3174 640 3237 atrocium
665 3174 846 3250 ministros,
871 3174 929 3236 ubi
955 3175 1064 3256 pretia
1088 3176 1252 3239 scelerum

55 3293 173 3376 adepti
196 3293 324 3356 scelera
348 3294 422 3375 ipsa
444 3293 518 3356 aliis
541 3292 734 3375 delegent”.

98 3412 213 3475 Primo
244 3420 385 3494 aspectu
416 3412 529 3474 inania
559 3411 614 3474 hic
646 3411 787 3474 sundere
815 3412 919 3474 verba
944 3413 1078 3475 videtur
1102 3414 1251 3491 Tacitus,

55 3551 132 3594 nam
152 3531 230 3612 quis
249 3532 401 3594 minister
419 3550 488 3593 non
509 3539 689 3611 utrumque
708 3528 806 3592 lacit?
825 3530 871 3592 Et
893 3532 985 3612 quod
999 3531 1055 3595 illa
1067 3533 1251 3616 descriptio

53 3649 294 3713 coniunctione
319 3649 375 3713 ubi
396 3649 590 3712 annectitur
609 3648 902 3731 praecedentibus,
924 3649 989 3712 hoc
1010 3651 1174 3732 imprimis
1192 3651 1249 3714 ab·

49 3769 191 3831 surdum
223 3768 367 3832 videtur.
401 3766 480 3843 Sed,
513 3768 540 3830 si
573 3776 664 3829 recte
696 3767 808 3840 video,
841 3768 924 3829 haec
956 3777 1162 3844 senatorum,
1191 3772 1247 3852 qui

50 3886 116 3949 ista
138 3887 268 3962 dicunt,
293 3907 389 3950 mens
412 3895 481 3949 est:
509 3885 691 3968 „puniendi
716 3892 794 3947 sunt
818 3885 973 3961 ministri,
997 3887 1052 3951 ubi
1073 3890 1107 3951 in
1127 3889 1248 3952 iudicio

47 4019 194 4091 apparet
225 4009 404 4091 pecuniam
434 4007 573 4089 quidem
605 4026 664 4068 eos
695 4005 877 4086 accepisse,
909 4008 968 4068 sed
1002 4007 1093 4071 nullo
1120 4009 1187 4072 alio
1211 4030 1247 4072 se

51 4137 253 4210 argumento
277 4125 462 4190 defendere
486 4146 585 4209 posse
609 4145 711 4208 quam
735 4125 828 4206 quod
853 4125 931 4186 iussi
956 4125 1129 4190 fecerint''.

96 4248 139 4311 A.
165 4247 262 4322 XIV,
292 4263 341 4310 12.
372 4247 615 4311 Abiectissima
646 4246 841 4308 adulatione
872 4254 1046 4309 senatores
1078 4256 1247 4310 mortuam

54 4365 278 4449 Agrippinam
303 4365 397 4427 omni
421 4366 628 4429 contumelia
651 4364 816 4425 afficiunt:
