3292 5280
803 383 867 465 25⁶

240 565 434 639 relativum,
470 565 562 645 quod
597 563 698 627 aliam
731 563 1014 646 significationem
1045 564 1197 626 eiusdem
1228 562 1434 626 substantivi

240 683 390 765 requirit.
415 681 552 763 Quanto
577 682 695 746 melius
718 683 843 746 omisso
863 704 929 764 qua
948 683 1115 765 legemus:
1141 691 1275 764 ,tamen
1296 682 1433 744 retineri

242 811 352 864 castra
376 822 405 863 e.
419 822 451 883 q.
464 800 512 864 s.”
539 803 558 864 i.
572 821 600 864 e.
625 809 751 877 tamen,
776 801 830 864 vel
854 801 913 877 sic,
937 800 1130 884 quicunque
1155 810 1228 864 erat
1250 809 1361 863 status
1384 821 1434 862 re·

240 941 324 994 rum,
349 919 437 982 bene
461 940 514 982 res
537 920 608 1001 geri
633 929 777 1002 poterat,
800 921 933 983 simodo
956 920 1020 984 sibi
1045 920 1253 983 constitisset
1278 920 1411 983 Paetus.

287 1159 331 1223 A.
355 1158 435 1235 XV,
464 1159 513 1221 16.
542 1156 668 1223 Castris
700 1159 932 1222 Romanorum
964 1160 1021 1221 diu
1054 1159 1200 1222 obsessis
1224 1159 1437 1240 Vologaeses

242 1260 387 1363 potitur:

291 1399 468 1480 ,Ceterum
501 1398 649 1461 obsessis
678 1398 765 1460 adeo
789 1398 1061 1481 suppeditavisse
1085 1418 1157 1461 rem
1180 1399 1437 1461 frumentariam

243 1519 405 1593 constitit,
441 1527 479 1581 ut
515 1517 644 1580 horreis
676 1518 788 1600 ignem
821 1518 997 1593 inicerent,
1028 1526 1215 1600 contraque
1248 1517 1439 1601 prodiderit

243 1638 392 1702 Corbulo
417 1637 558 1701 Parthos
582 1637 701 1719 inopes
725 1637 899 1720 copiarum
920 1646 956 1701 et
976 1637 1102 1720 pabulo
1121 1637 1241 1700 attrito
1261 1636 1438 1700 relicturos

243 1755 568 1841 oppugnationem.”
1441 1731 1444 1737 Ι

182 1853 185 1859 ¹
288 1877 358 1940 Vix
382 1896 588 1959 quemquam
612 1896 685 1940 esse
708 1875 841 1958 opinor,
865 1877 919 1939 cui
943 1878 1033 1941 istud
1053 1889 1230 1960 contraque
1242 1878 1439 1962 prodiderit

243 2017 362 2060 sanum
392 1997 563 2071 videatur;
595 1996 848 2059 coniunctivum
880 1996 934 2059 hic
965 1996 1042 2060 ferri
1074 2017 1142 2061 non
1166 2017 1266 2080 posse
1292 2006 1438 2061 constat.

244 2116 371 2198 Quidni
391 2116 542 2198 legamus
567 2124 703 2195 ,contra
723 2136 826 2197 quam
847 2117 998 2198 prodidit
1011 2114 1202 2180 Corbulo”?
1223 2117 1262 2179 in
1276 2127 1438 2200 promptu

247 2237 327 2300 mihi
350 2255 438 2298 nunc
457 2235 512 2298 alii
534 2235 599 2298 loci
620 2235 751 2298 Tacitei
773 2256 840 2298 non
861 2245 949 2310 sunt,
971 2236 1028 2298 ubi
1048 2249 1163 2301 contra
1182 2258 1283 2318 quam
1296 2237 1438 2319 legatur,

245 2375 355 2437 neque
379 2355 474 2417 lubet
497 2356 569 2418 eius
591 2355 639 2417 rei
663 2375 763 2419 causa
786 2355 895 2418 lexica
919 2364 953 2418 et
977 2356 1106 2419 indices
1130 2357 1342 2439 pervolvere.
1370 2358 1439 2420 Fac

245 2476 334 2538 enim
359 2495 525 2556 nusquam
550 2474 630 2537 alibi
654 2474 735 2537 illud
759 2475 912 2550 inveniri,
938 2495 1022 2538 eane
1042 2476 1166 2539 idonea
1186 2496 1288 2539 causa
1308 2485 1361 2539 est
1381 2497 1439 2539 cur

243 2615 285 2656 ne
316 2593 420 2657 semel
445 2594 583 2675 quidem
607 2593 764 2656 Tacitum
789 2614 886 2657 usum
910 2592 1082 2657 locutione
1104 2603 1176 2657 tarn
1200 2594 1289 2657 bene
1315 2595 1439 2658 Latina

243 2721 382 2794 tamque
406 2712 607 2796 pervulgata
626 2720 824 2787 statuamus,
845 2713 948 2793 idque
968 2734 1010 2776 eo
1030 2713 1107 2776 loco
1128 2713 1185 2775 ubi
1203 2714 1263 2776 vix
1283 2713 1353 2776 ullo
1374 2713 1438 2777 alio

245 2834 348 2897 modo
372 2834 406 2895 id
431 2834 523 2914 quod
548 2832 774 2913 requireretur
797 2831 978 2913 significari
1002 2830 1171 2914 potuerit?

291 3065 336 3135 A}
357 3072 435 3147 XV,
458 3073 509 3152 38.
529 3071 686 3134 Ardente
706 3070 789 3133 urbe
810 3071 842 3132 in
864 3090 983 3133 omnes
1003 3079 1117 3153 partes
1137 3070 1320 3153 diffugiunt
1332 3071 1441 3134 cives:

295 3193 359 3273 ,Et
382 3212 493 3274 saepe,
519 3192 600 3253 dum
625 3191 659 3253 in
684 3199 815 3272 tergum
840 3198 1045 3273 respectant,
1069 3168 1231 3254 lateribus
1249 3198 1310 3252 aut
1329 3189 1443 3253 fronte

246 3310 608 3384 circumveniebantur,
634 3309 687 3371 vel
711 3309 737 3370 si
763 3309 796 3371 in
821 3311 977 3392 proxima
1000 3317 1187 3384 evaserant,
1213 3308 1277 3372 illis
1302 3329 1441 3392 quoque

246 3432 315 3513 igni
344 3431 518 3512 correptis,
550 3431 652 3492 etiarn
684 3449 772 3511 quae
796 3428 982 3511 longinqua
1005 3428 1230 3504 crediderant,
1255 3411 1292 3491 in¹
1315 3418 1439 3492 eodem

246 3570 324 3612 casu
349 3547 597 3631 reperiebant.’'

292 3669 356 3731 Hic
389 3669 547 3750 equidem
580 3667 763 3730 desiderari
795 3666 958 3748 quiddam
990 3688 1124 3730 censeo.
1154 3669 1192 3730 In
1218 3667 1325 3730 verbo
1350 3667 1442 3731 enim

247 3788 454 3872 reperiebant
483 3787 572 3850 haud
606 3787 709 3849 dubie
741 3787 828 3848 inest
857 3785 1060 3867 significatio
1091 3788 1145 3849 τοῦ
1180 3805 1277 3866 ,curn
1302 3787 1445 3869 propius

247 3906 505 3971 accessissent”:
531 3906 642 3968 omitti
667 3906 701 3967 id
727 3906 798 3967 sine
819 3906 945 3968 damno
966 3915 1101 3990 poterat
1121 3907 1200 3989 quia
1219 3906 1333 3988 quivis
1354 3907 1445 3970 istud

247 4027 454 4110 reperiebant
484 4025 600 4107 legens
632 4033 745 4088 mente
778 4033 850 4086 erat
880 4025 1107 4108 suppleturus.
1145 4025 1237 4108 Ergo
1262 4026 1445 4109 longinqua

249 4146 352 4208 habet
384 4147 476 4227 quod
509 4153 601 4207 recte
633 4145 664 4206 ei
696 4152 891 4225 opponatur
922 4145 1045 4227 (ipsum
1070 4146 1150 4209 illud
1180 4160 1275 4225 ,cum
1303 4146 1448 4228 propius

248 4254 488 4328 accessissent”
522 4263 613 4344 quod
645 4263 679 4324 in
715 4262 970 4343 „reperiebant”
1004 4265 1112 4342 inest).
1155 4265 1296 4347 Propius
1328 4272 1444 4327 autem

248 4384 396 4467 aggressi
431 4382 524 4445 locos
559 4381 632 4444 illos
668 4381 883 4463 reperiebant
918 4383 971 4462 ,in
1003 4386 1125 4447 eodem
1155 4383 1268 4447 statu”
1301 4384 1322 4445 i.
1343 4404 1372 4446 e.
1406 4393 1444 4446 ut
