<?xml version="1.0" encoding="UTF-8"?>
<!DOCTYPE html PUBLIC "-//W3C//DTD XHTML 1.0 Transitional//EN"
    "http://www.w3.org/TR/xhtml1/DTD/xhtml1-transitional.dtd">
<html xmlns="http://www.w3.org/1999/xhtml" xml:lang="en" lang="en">
 <head>
  <title>
</title>
<meta http-equiv="Content-Type" content="text/html;charset=utf-8" />
  <meta name='ocr-system' content='tesseract 3.04.00' />
  <meta name='ocr-capabilities' content='ocr_page ocr_carea ocr_par ocr_line ocrx_word'/>
</head>
<body>
  <div class='ocr_page' id='page_1' title='image "./analectatacitea00hartgoog_0207.png"; bbox 0 0 3210 5274; ppageno 0'>
   <div class='ocr_carea' id='block_1_1' title="bbox 770 378 832 460">
    <p class='ocr_par' dir='ltr' id='par_1_1' title="bbox 770 378 832 460">
     <span class='ocr_line' id='line_1_1' title="bbox 770 378 832 460; baseline 0 0"><span class='ocrx_word' id='word_1_1' title='bbox 770 378 832 460; x_wconf 87' lang='lat'>¹96</span> 
     </span>
    </p>
   </div>
   <div class='ocr_carea' id='block_1_2' title="bbox 199 553 1411 2188">
    <p class='ocr_par' dir='ltr' id='par_1_2' title="bbox 243 553 1105 637">
     <span class='ocr_line' id='line_1_2' title="bbox 243 553 1105 637; baseline 0.005 -24"><span class='ocrx_word' id='word_1_2' title='bbox 243 554 284 614; x_wconf 85' lang='lat' dir='ltr'>A.</span> <span class='ocrx_word' id='word_1_3' title='bbox 312 553 353 626; x_wconf 88' lang='grc' dir='ltr'>ΙΙ,</span> <span class='ocrx_word' id='word_1_4' title='bbox 382 554 422 614; x_wconf 86' lang='lat'>28</span> <span class='ocrx_word' id='word_1_5' title='bbox 448 553 514 634; x_wconf 89' lang='lat' dir='ltr'>(De</span> <span class='ocrx_word' id='word_1_6' title='bbox 540 574 641 616; x_wconf 88' lang='lat' dir='ltr'>causa</span> <span class='ocrx_word' id='word_1_7' title='bbox 667 555 768 617; x_wconf 87' lang='lat' dir='ltr'>Drusi</span> <span class='ocrx_word' id='word_1_8' title='bbox 793 556 938 618; x_wconf 91' lang='lat' dir='ltr'>Libonis</span> <span class='ocrx_word' id='word_1_9' title='bbox 962 557 1105 637; x_wconf 85' lang='lat' dir='ltr'>agitur):</span> 
     </span>
    </p>

    <p class='ocr_par' dir='ltr' id='par_1_3' title="bbox 199 671 1404 852">
     <span class='ocr_line' id='line_1_3' title="bbox 246 671 1404 757; baseline 0.004 -24"><span class='ocrx_word' id='word_1_10' title='bbox 246 671 407 750; x_wconf 82' lang='lat' dir='ltr'>„Celebre</span> <span class='ocrx_word' id='word_1_11' title='bbox 430 674 516 734; x_wconf 91' lang='lat' dir='ltr'>inter</span> <span class='ocrx_word' id='word_1_12' title='bbox 537 684 753 738; x_wconf 84' lang='lat' dir='ltr'>accusatores</span> <span class='ocrx_word' id='word_1_13' title='bbox 773 675 908 738; x_wconf 90' lang='lat' dir='ltr'>Tironis</span> <span class='ocrx_word' id='word_1_14' title='bbox 921 676 1097 757; x_wconf 86' lang='lat' dir='ltr'>ingenium</span> <span class='ocrx_word' id='word_1_15' title='bbox 1110 684 1187 739; x_wconf 91' lang='lat' dir='ltr'>erat</span> <span class='ocrx_word' id='word_1_16' title='bbox 1199 677 1404 757; x_wconf 89' lang='lat' dir='ltr'>avidumque</span> 
     </span>
     <span class='ocr_line' id='line_1_4' title="bbox 199 789 476 852; baseline 0 -1"><span class='ocrx_word' id='word_1_17' title='bbox 199 790 309 852; x_wconf 73' lang='lat' dir='ltr'>santae</span> <span class='ocrx_word' id='word_1_18' title='bbox 335 789 476 851; x_wconf 88' lang='lat' dir='ltr'>malae.’&#39;</span> 
     </span>
    </p>

    <p class='ocr_par' dir='ltr' id='par_1_4' title="bbox 200 910 1407 1351">
     <span class='ocr_line' id='line_1_5' title="bbox 245 910 1406 989; baseline 0.004 -18"><span class='ocrx_word' id='word_1_19' title='bbox 245 911 382 983; x_wconf 72' lang='lat' dir='ltr'>Probus</span> <span class='ocrx_word' id='word_1_20' title='bbox 408 910 498 972; x_wconf 91' lang='lat' dir='ltr'>haud</span> <span class='ocrx_word' id='word_1_21' title='bbox 525 912 638 986; x_wconf 91' lang='lat' dir='ltr'>dubie,</span> <span class='ocrx_word' id='word_1_22' title='bbox 663 911 767 975; x_wconf 90' lang='lat' dir='ltr'>homo</span> <span class='ocrx_word' id='word_1_23' title='bbox 793 912 855 975; x_wconf 80' lang='lat' dir='ltr'>luit</span> <span class='ocrx_word' id='word_1_24' title='bbox 876 921 911 975; x_wconf 93' lang='lat' dir='ltr'>et</span> <span class='ocrx_word' id='word_1_25' title='bbox 931 913 1221 976; x_wconf 84' lang='lat' dir='ltr'>calumniatorum</span> <span class='ocrx_word' id='word_1_26' title='bbox 1244 915 1406 989; x_wconf 87' lang='lat' dir='ltr'>inimicus,</span> 
     </span>
     <span class='ocr_line' id='line_1_6' title="bbox 200 1030 1407 1115; baseline 0.002 -23"><span class='ocrx_word' id='word_1_27' title='bbox 200 1031 257 1112; x_wconf 91' lang='lat' dir='ltr'>qui</span> <span class='ocrx_word' id='word_1_28' title='bbox 279 1031 368 1093; x_wconf 89' lang='lat' dir='ltr'>istud</span> <span class='ocrx_word' id='word_1_29' title='bbox 389 1030 498 1093; x_wconf 80' lang='lat' dir='ltr'>malae</span> <span class='ocrx_word' id='word_1_30' title='bbox 519 1032 552 1093; x_wconf 91' lang='lat' dir='ltr'>in</span> <span class='ocrx_word' id='word_1_31' title='bbox 575 1033 726 1113; x_wconf 85' lang='lat' dir='ltr'>margine</span> <span class='ocrx_word' id='word_1_32' title='bbox 748 1033 983 1115; x_wconf 86' lang='lat' dir='ltr'>adscripserit;</span> <span class='ocrx_word' id='word_1_33' title='bbox 998 1035 1059 1095; x_wconf 89' lang='lat' dir='ltr'>sed</span> <span class='ocrx_word' id='word_1_34' title='bbox 1074 1034 1158 1095; x_wconf 93' lang='lat' dir='ltr'>boni</span> <span class='ocrx_word' id='word_1_35' title='bbox 1171 1034 1407 1115; x_wconf 85' lang='lat' dir='ltr'>elegantisque</span> 
     </span>
     <span class='ocr_line' id='line_1_7' title="bbox 200 1150 1407 1234; baseline 0.003 -23"><span class='ocrx_word' id='word_1_36' title='bbox 200 1150 364 1212; x_wconf 92' lang='lat' dir='ltr'>sermonis</span> <span class='ocrx_word' id='word_1_37' title='bbox 388 1159 543 1213; x_wconf 89' lang='lat' dir='ltr'>naturam</span> <span class='ocrx_word' id='word_1_38' title='bbox 569 1151 759 1232; x_wconf 83' lang='lat' dir='ltr'>ignorabat,</span> <span class='ocrx_word' id='word_1_39' title='bbox 783 1153 841 1232; x_wconf 90' lang='lat' dir='ltr'>qui</span> <span class='ocrx_word' id='word_1_40' title='bbox 867 1152 996 1233; x_wconf 89' lang='lat' dir='ltr'>putarit</span> <span class='ocrx_word' id='word_1_41' title='bbox 1020 1173 1174 1234; x_wconf 89' lang='lat' dir='ltr'>unquam</span> <span class='ocrx_word' id='word_1_42' title='bbox 1199 1173 1407 1234; x_wconf 87' lang='lat' dir='ltr'>quemquam</span> 
     </span>
     <span class='ocr_line' id='line_1_8' title="bbox 202 1270 948 1351; baseline 0.001 -20"><span class='ocrx_word' id='word_1_43' title='bbox 202 1279 292 1331; x_wconf 88' lang='lat' dir='ltr'>recte</span> <span class='ocrx_word' id='word_1_44' title='bbox 318 1270 384 1332; x_wconf 92' lang='lat' dir='ltr'>dici</span> <span class='ocrx_word' id='word_1_45' title='bbox 409 1290 509 1351; x_wconf 91' lang='lat' dir='ltr'>posse</span> <span class='ocrx_word' id='word_1_46' title='bbox 533 1272 671 1333; x_wconf 90' lang='lat' dir='ltr'>avidum</span> <span class='ocrx_word' id='word_1_47' title='bbox 695 1270 804 1334; x_wconf 83' lang='lat' dir='ltr'>malae</span> <span class='ocrx_word' id='word_1_48' title='bbox 828 1270 948 1333; x_wconf 83' lang='lat' dir='ltr'>famae.</span> 
     </span>
    </p>

    <p class='ocr_par' dir='ltr' id='par_1_5' title="bbox 249 1388 915 1471">
     <span class='ocr_line' id='line_1_9' title="bbox 249 1388 915 1471; baseline 0.002 -21"><span class='ocrx_word' id='word_1_49' title='bbox 249 1388 291 1450; x_wconf 90' lang='lat' dir='ltr'>A.</span> <span class='ocrx_word' id='word_1_50' title='bbox 318 1390 360 1464; x_wconf 97' lang='grc' dir='ltr'>ΙΙ,</span> <span class='ocrx_word' id='word_1_51' title='bbox 389 1405 429 1470; x_wconf 88' lang='lat'>30</span> <span class='ocrx_word' id='word_1_52' title='bbox 452 1388 519 1470; x_wconf 82' lang='lat' dir='ltr'>(Ex</span> <span class='ocrx_word' id='word_1_53' title='bbox 543 1390 664 1451; x_wconf 90' lang='lat' dir='ltr'>eadem</span> <span class='ocrx_word' id='word_1_54' title='bbox 690 1391 915 1471; x_wconf 88' lang='lat' dir='ltr'>narratione):</span> 
     </span>
    </p>

    <p class='ocr_par' dir='ltr' id='par_1_6' title="bbox 205 1508 1411 1949">
     <span class='ocr_line' id='line_1_10' title="bbox 252 1508 1407 1593; baseline 0.002 -23"><span class='ocrx_word' id='word_1_55' title='bbox 252 1508 428 1591; x_wconf 80' lang='lat' dir='ltr'>„Negante</span> <span class='ocrx_word' id='word_1_56' title='bbox 454 1529 522 1584; x_wconf 90' lang='lat' dir='ltr'>reo,</span> <span class='ocrx_word' id='word_1_57' title='bbox 543 1511 794 1590; x_wconf 87' lang='lat' dir='ltr'>adgnoscentes</span> <span class='ocrx_word' id='word_1_58' title='bbox 814 1529 932 1572; x_wconf 89' lang='lat' dir='ltr'>servos</span> <span class='ocrx_word' id='word_1_59' title='bbox 945 1530 1006 1591; x_wconf 90' lang='lat' dir='ltr'>per</span> <span class='ocrx_word' id='word_1_60' title='bbox 1017 1517 1194 1573; x_wconf 91' lang='lat' dir='ltr'>tormenta</span> <span class='ocrx_word' id='word_1_61' title='bbox 1208 1512 1407 1593; x_wconf 85' lang='lat' dir='ltr'>interrogari</span> 
     </span>
     <span class='ocr_line' id='line_1_11' title="bbox 205 1627 1411 1712; baseline 0.001 -23"><span class='ocrx_word' id='word_1_62' title='bbox 205 1627 348 1710; x_wconf 90' lang='lat' dir='ltr'>placuit:</span> <span class='ocrx_word' id='word_1_63' title='bbox 371 1637 404 1690; x_wconf 91' lang='lat' dir='ltr'>et</span> <span class='ocrx_word' id='word_1_64' title='bbox 418 1629 497 1710; x_wconf 91' lang='lat' dir='ltr'>quia</span> <span class='ocrx_word' id='word_1_65' title='bbox 510 1636 626 1691; x_wconf 90' lang='lat' dir='ltr'>vetere</span> <span class='ocrx_word' id='word_1_66' title='bbox 639 1628 934 1692; x_wconf 86' lang='lat' dir='ltr'>senatusconsulto</span> <span class='ocrx_word' id='word_1_67' title='bbox 948 1629 1104 1710; x_wconf 89' lang='lat' dir='ltr'>quaestio</span> <span class='ocrx_word' id='word_1_68' title='bbox 1117 1629 1150 1691; x_wconf 91' lang='lat' dir='ltr'>in</span> <span class='ocrx_word' id='word_1_69' title='bbox 1166 1639 1274 1712; x_wconf 90' lang='lat' dir='ltr'>caput</span> <span class='ocrx_word' id='word_1_70' title='bbox 1288 1630 1411 1693; x_wconf 88' lang='lat' dir='ltr'>domini</span> 
     </span>
     <span class='ocr_line' id='line_1_12' title="bbox 206 1747 1411 1832; baseline 0.001 -23"><span class='ocrx_word' id='word_1_71' title='bbox 206 1748 460 1829; x_wconf 85' lang='lat' dir='ltr'>prohibebatur,</span> <span class='ocrx_word' id='word_1_72' title='bbox 480 1747 622 1811; x_wconf 91' lang='lat' dir='ltr'>callidus</span> <span class='ocrx_word' id='word_1_73' title='bbox 641 1757 676 1811; x_wconf 91' lang='lat' dir='ltr'>et</span> <span class='ocrx_word' id='word_1_74' title='bbox 695 1749 773 1811; x_wconf 90' lang='lat' dir='ltr'>novi</span> <span class='ocrx_word' id='word_1_75' title='bbox 792 1749 873 1810; x_wconf 92' lang='lat' dir='ltr'>iuris</span> <span class='ocrx_word' id='word_1_76' title='bbox 885 1757 1040 1830; x_wconf 90' lang='lat' dir='ltr'>repertor</span> <span class='ocrx_word' id='word_1_77' title='bbox 1052 1747 1212 1811; x_wconf 90' lang='lat' dir='ltr'>Tiberius</span> <span class='ocrx_word' id='word_1_78' title='bbox 1226 1750 1411 1832; x_wconf 88' lang='lat' dir='ltr'>mancipari</span> 
     </span>
     <span class='ocr_line' id='line_1_13' title="bbox 206 1866 802 1949; baseline 0.002 -21"><span class='ocrx_word' id='word_1_79' title='bbox 206 1867 356 1947; x_wconf 84' lang='lat' dir='ltr'>singulos</span> <span class='ocrx_word' id='word_1_80' title='bbox 379 1868 486 1929; x_wconf 90' lang='lat' dir='ltr'>actori</span> <span class='ocrx_word' id='word_1_81' title='bbox 512 1867 650 1949; x_wconf 92' lang='lat' dir='ltr'>publico</span> <span class='ocrx_word' id='word_1_82' title='bbox 675 1866 802 1931; x_wconf 90' lang='lat' dir='ltr'>iubet.”</span> 
     </span>
    </p>

    <p class='ocr_par' dir='ltr' id='par_1_7' title="bbox 208 1985 1411 2188">
     <span class='ocr_line' id='line_1_14' title="bbox 252 1985 1411 2067; baseline 0 -18"><span class='ocrx_word' id='word_1_83' title='bbox 252 1985 385 2049; x_wconf 85' lang='lat' dir='ltr'>Satisne</span> <span class='ocrx_word' id='word_1_84' title='bbox 417 1986 633 2067; x_wconf 91' lang='lat' dir='ltr'>perspicuum</span> <span class='ocrx_word' id='word_1_85' title='bbox 665 1986 793 2049; x_wconf 86' lang='lat' dir='ltr'>Tiberii</span> <span class='ocrx_word' id='word_1_86' title='bbox 826 1986 1005 2050; x_wconf 91' lang='lat' dir='ltr'>consilium</span> <span class='ocrx_word' id='word_1_87' title='bbox 1036 1985 1129 2050; x_wconf 90' lang='lat' dir='ltr'>hisce</span> <span class='ocrx_word' id='word_1_88' title='bbox 1155 1986 1195 2049; x_wconf 88' lang='lat' dir='ltr'>fit</span> <span class='ocrx_word' id='word_1_89' title='bbox 1220 1990 1348 2062; x_wconf 91' lang='lat' dir='ltr'>verbis,</span> <span class='ocrx_word' id='word_1_90' title='bbox 1372 2008 1411 2049; x_wconf 92' lang='lat' dir='ltr'>an</span> 
     </span>
     <span class='ocr_line' id='line_1_15' title="bbox 208 2104 1409 2188; baseline 0.002 -22"><span class='ocrx_word' id='word_1_91' title='bbox 208 2114 366 2188; x_wconf 91' lang='lat' dir='ltr'>putemus</span> <span class='ocrx_word' id='word_1_92' title='bbox 387 2107 496 2187; x_wconf 88' lang='lat' dir='ltr'>ipsum</span> <span class='ocrx_word' id='word_1_93' title='bbox 517 2104 676 2168; x_wconf 89' lang='lat' dir='ltr'>Tacitum</span> <span class='ocrx_word' id='word_1_94' title='bbox 689 2106 868 2188; x_wconf 84' lang='lat' dir='ltr'>magistelli</span> <span class='ocrx_word' id='word_1_95' title='bbox 881 2126 1039 2169; x_wconf 90' lang='lat' dir='ltr'>sermone</span> <span class='ocrx_word' id='word_1_96' title='bbox 1052 2106 1099 2168; x_wconf 91' lang='lat' dir='ltr'>sic</span> <span class='ocrx_word' id='word_1_97' title='bbox 1113 2106 1195 2169; x_wconf 94' lang='lat' dir='ltr'>illud</span> <span class='ocrx_word' id='word_1_98' title='bbox 1210 2107 1409 2170; x_wconf 83' lang='lat' dir='ltr'>illustrasse:</span> 
     </span>
    </p>
   </div>
   <div class='ocr_carea' id='block_1_3' title="bbox 213 2224 1411 2310">
    <p class='ocr_par' dir='ltr' id='par_1_8' title="bbox 213 2224 1411 2310">
     <span class='ocr_line' id='line_1_16' title="bbox 213 2224 1411 2310; baseline 0.005 -25"><span class='ocrx_word' id='word_1_99' title='bbox 213 2224 359 2303; x_wconf 81' lang='lat' dir='ltr'>„scilicet</span> <span class='ocrx_word' id='word_1_100' title='bbox 380 2233 415 2286; x_wconf 92' lang='lat' dir='ltr'>ut</span> <span class='ocrx_word' id='word_1_101' title='bbox 436 2225 469 2286; x_wconf 93' lang='lat' dir='ltr'>in</span> <span class='ocrx_word' id='word_1_102' title='bbox 492 2224 660 2287; x_wconf 91' lang='lat' dir='ltr'>Libonem</span> <span class='ocrx_word' id='word_1_103' title='bbox 681 2247 724 2287; x_wconf 88' lang='lat' dir='ltr'>ex</span> <span class='ocrx_word' id='word_1_104' title='bbox 745 2227 850 2288; x_wconf 89' lang='lat' dir='ltr'>servis</span> <span class='ocrx_word' id='word_1_105' title='bbox 870 2225 965 2288; x_wconf 90' lang='lat' dir='ltr'>salvo</span> <span class='ocrx_word' id='word_1_106' title='bbox 986 2227 1299 2291; x_wconf 90' lang='lat' dir='ltr'>senatusconsulto</span> <span class='ocrx_word' id='word_1_107' title='bbox 1312 2248 1411 2310; x_wconf 91' lang='lat' dir='ltr'>quae·</span> 
     </span>
    </p>
   </div>
   <div class='ocr_carea' id='block_1_4' title="bbox 210 2343 1474 4444">
    <p class='ocr_par' dir='ltr' id='par_1_9' title="bbox 210 2343 1410 2547">
     <span class='ocr_line' id='line_1_17' title="bbox 210 2343 1410 2428; baseline 0.003 -23"><span class='ocrx_word' id='word_1_108' title='bbox 210 2343 381 2406; x_wconf 87' lang='lat' dir='ltr'>reretur&#39;&#39;?</span> <span class='ocrx_word' id='word_1_109' title='bbox 400 2344 516 2406; x_wconf 86' lang='lat' dir='ltr'>Verba</span> <span class='ocrx_word' id='word_1_110' title='bbox 535 2345 601 2405; x_wconf 89' lang='lat' dir='ltr'>iam</span> <span class='ocrx_word' id='word_1_111' title='bbox 620 2366 640 2406; x_wconf 90' lang='lat' dir='ltr'>a</span> <span class='ocrx_word' id='word_1_112' title='bbox 659 2344 829 2408; x_wconf 90' lang='lat' dir='ltr'>Mendoza</span> <span class='ocrx_word' id='word_1_113' title='bbox 842 2347 1034 2428; x_wconf 91' lang='lat' dir='ltr'>proscripta</span> <span class='ocrx_word' id='word_1_114' title='bbox 1047 2347 1150 2408; x_wconf 89' lang='lat' dir='ltr'>etiam</span> <span class='ocrx_word' id='word_1_115' title='bbox 1164 2348 1209 2408; x_wconf 91' lang='lat' dir='ltr'>ab</span> <span class='ocrx_word' id='word_1_116' title='bbox 1223 2348 1410 2411; x_wconf 90' lang='lat' dir='ltr'>editoribus</span> 
     </span>
     <span class='ocr_line' id='line_1_18' title="bbox 211 2464 963 2547; baseline 0.003 -21"><span class='ocrx_word' id='word_1_117' title='bbox 211 2466 373 2527; x_wconf 89' lang='lat' dir='ltr'>vindicari</span> <span class='ocrx_word' id='word_1_118' title='bbox 397 2464 519 2526; x_wconf 88' lang='lat' dir='ltr'>Tacito</span> <span class='ocrx_word' id='word_1_119' title='bbox 543 2472 594 2525; x_wconf 90' lang='lat' dir='ltr'>est</span> <span class='ocrx_word' id='word_1_120' title='bbox 619 2466 712 2546; x_wconf 84' lang='lat' dir='ltr'>quod</span> <span class='ocrx_word' id='word_1_121' title='bbox 737 2465 963 2547; x_wconf 85' lang='lat' dir='ltr'>indignemur.</span> 
     </span>
    </p>

    <p class='ocr_par' dir='ltr' id='par_1_10' title="bbox 256 2583 1262 2665">
     <span class='ocr_line' id='line_1_19' title="bbox 256 2583 1262 2665; baseline 0.002 -19"><span class='ocrx_word' id='word_1_122' title='bbox 256 2584 299 2660; x_wconf 93' lang='lat' dir='ltr'>ll,</span> <span class='ocrx_word' id='word_1_123' title='bbox 325 2600 375 2664; x_wconf 84' lang='lat'>54.</span> <span class='ocrx_word' id='word_1_124' title='bbox 401 2583 501 2646; x_wconf 88' lang='lat' dir='ltr'>Clarii</span> <span class='ocrx_word' id='word_1_125' title='bbox 526 2583 698 2665; x_wconf 87' lang='lat' dir='ltr'>Apollinis</span> <span class='ocrx_word' id='word_1_126' title='bbox 722 2584 902 2647; x_wconf 88' lang='lat' dir='ltr'>oraculum</span> <span class='ocrx_word' id='word_1_127' title='bbox 921 2585 994 2648; x_wconf 90' lang='lat' dir='ltr'>adit</span> <span class='ocrx_word' id='word_1_128' title='bbox 1019 2584 1262 2648; x_wconf 90' lang='lat' dir='ltr'>Germanicus:</span> 
     </span>
    </p>

    <p class='ocr_par' dir='ltr' id='par_1_11' title="bbox 213 2703 1410 2887">
     <span class='ocr_line' id='line_1_20' title="bbox 260 2703 1410 2788; baseline -0.001 -21"><span class='ocrx_word' id='word_1_129' title='bbox 260 2714 312 2783; x_wconf 83' lang='lat' dir='ltr'>„et</span> <span class='ocrx_word' id='word_1_130' title='bbox 337 2704 528 2767; x_wconf 84' lang='lat' dir='ltr'>serebatur”</span> <span class='ocrx_word' id='word_1_131' title='bbox 553 2705 609 2786; x_wconf 87' lang='lat' dir='ltr'>(sc.</span> <span class='ocrx_word' id='word_1_132' title='bbox 634 2705 794 2767; x_wconf 89' lang='lat' dir='ltr'>sacerdos</span> <span class='ocrx_word' id='word_1_133' title='bbox 818 2704 885 2786; x_wconf 85' lang='lat' dir='ltr'>dei)</span> <span class='ocrx_word' id='word_1_134' title='bbox 915 2703 1139 2783; x_wconf 79' lang='lat' dir='ltr'>„Germanico</span> <span class='ocrx_word' id='word_1_135' title='bbox 1164 2725 1226 2786; x_wconf 91' lang='lat' dir='ltr'>per</span> <span class='ocrx_word' id='word_1_136' title='bbox 1251 2706 1410 2788; x_wconf 88' lang='lat' dir='ltr'>ambages</span> 
     </span>
     <span class='ocr_line' id='line_1_21' title="bbox 213 2823 753 2887; baseline 0 -1"><span class='ocrx_word' id='word_1_137' title='bbox 213 2834 379 2887; x_wconf 88' lang='lat' dir='ltr'>maturum</span> <span class='ocrx_word' id='word_1_138' title='bbox 405 2825 534 2886; x_wconf 83' lang='lat' dir='ltr'>exitum</span> <span class='ocrx_word' id='word_1_139' title='bbox 560 2823 753 2886; x_wconf 88' lang='lat' dir='ltr'>cecinisse.”</span> 
     </span>
    </p>

    <p class='ocr_par' dir='ltr' id='par_1_12' title="bbox 215 2943 1474 3127">
     <span class='ocr_line' id='line_1_22' title="bbox 257 2943 1474 3026; baseline -0.002 -20"><span class='ocrx_word' id='word_1_140' title='bbox 257 2944 313 3006; x_wconf 89' lang='lat' dir='ltr'>Ad</span> <span class='ocrx_word' id='word_1_141' title='bbox 340 2957 404 3026; x_wconf 80' lang='lat' dir='ltr'>per</span> <span class='ocrx_word' id='word_1_142' title='bbox 436 2944 591 3026; x_wconf 70' lang='lat' dir='ltr'>anabages</span> <span class='ocrx_word' id='word_1_143' title='bbox 622 2944 800 3006; x_wconf 87' lang='lat' dir='ltr'>annotavit</span> <span class='ocrx_word' id='word_1_144' title='bbox 831 2943 952 3024; x_wconf 92' lang='lat' dir='ltr'>aliquis</span> <span class='ocrx_word' id='word_1_145' title='bbox 984 2955 1022 3007; x_wconf 88' lang='lat' dir='ltr'>ut</span> <span class='ocrx_word' id='word_1_146' title='bbox 1051 2963 1120 3006; x_wconf 86' lang='lat' dir='ltr'>mos</span> <span class='ocrx_word' id='word_1_147' title='bbox 1143 2944 1302 3018; x_wconf 80' lang='lat' dir='ltr'>oraculis,</span> <span class='ocrx_word' id='word_1_148' title='bbox 1327 2964 1409 3026; x_wconf 91' lang='lat' dir='ltr'>quae</span> <span class='ocrx_word' id='word_1_149' title='bbox 1466 2978 1474 2987; x_wconf 88' lang='lat'>-</span> 
     </span>
     <span class='ocr_line' id='line_1_23' title="bbox 215 3062 1070 3127; baseline -0.001 -2"><span class='ocrx_word' id='word_1_150' title='bbox 215 3065 317 3126; x_wconf 89' lang='lat' dir='ltr'>verba</span> <span class='ocrx_word' id='word_1_151' title='bbox 343 3085 431 3127; x_wconf 93' lang='lat' dir='ltr'>nunc</span> <span class='ocrx_word' id='word_1_152' title='bbox 456 3065 565 3126; x_wconf 93' lang='lat' dir='ltr'>Taciti</span> <span class='ocrx_word' id='word_1_153' title='bbox 591 3062 842 3126; x_wconf 86' lang='lat' dir='ltr'>commaculant</span> <span class='ocrx_word' id='word_1_154' title='bbox 866 3082 1070 3125; x_wconf 87' lang='lat' dir='ltr'>sermonem.</span> 
     </span>
    </p>

    <p class='ocr_par' dir='ltr' id='par_1_13' title="bbox 216 3179 1410 3378">
     <span class='ocr_line' id='line_1_24' title="bbox 259 3179 1410 3265; baseline -0.003 -19"><span class='ocrx_word' id='word_1_155' title='bbox 259 3184 318 3257; x_wconf 89' lang='grc' dir='ltr'><strong>ΙΙΙ,</strong></span> <span class='ocrx_word' id='word_1_156' title='bbox 342 3201 371 3246; x_wconf 90' lang='lat'>2.</span> <span class='ocrx_word' id='word_1_157' title='bbox 394 3184 706 3265; x_wconf 86' lang='lat' dir='ltr'>Appropinquante</span> <span class='ocrx_word' id='word_1_158' title='bbox 726 3182 920 3264; x_wconf 82' lang='lat' dir='ltr'>Agrippina</span> <span class='ocrx_word' id='word_1_159' title='bbox 939 3200 1016 3242; x_wconf 93' lang='lat' dir='ltr'>cum</span> <span class='ocrx_word' id='word_1_160' title='bbox 1035 3179 1229 3243; x_wconf 90' lang='lat' dir='ltr'>Germanici</span> <span class='ocrx_word' id='word_1_161' title='bbox 1242 3181 1410 3244; x_wconf 89' lang='lat' dir='ltr'>cineribus</span> 
     </span>
     <span class='ocr_line' id='line_1_25' title="bbox 216 3301 776 3378; baseline 0 -14"><span class='ocrx_word' id='word_1_162' title='bbox 216 3302 342 3378; x_wconf 88' lang='lat' dir='ltr'>ltaliae,</span> <span class='ocrx_word' id='word_1_163' title='bbox 369 3304 497 3364; x_wconf 88' lang='lat' dir='ltr'>Drusus</span> <span class='ocrx_word' id='word_1_164' title='bbox 520 3302 647 3364; x_wconf 93' lang='lat' dir='ltr'>Tiberii</span> <span class='ocrx_word' id='word_1_165' title='bbox 672 3301 776 3364; x_wconf 91' lang='lat' dir='ltr'>filius:</span> 
     </span>
    </p>

    <p class='ocr_par' dir='ltr' id='par_1_14' title="bbox 212 3417 1409 3605">
     <span class='ocr_line' id='line_1_26' title="bbox 260 3417 1409 3504; baseline -0.002 -21"><span class='ocrx_word' id='word_1_166' title='bbox 260 3421 495 3502; x_wconf 82' lang='lat' dir='ltr'>„Tarracinam</span> <span class='ocrx_word' id='word_1_167' title='bbox 529 3441 725 3504; x_wconf 86' lang='lat' dir='ltr'>progressus</span> <span class='ocrx_word' id='word_1_168' title='bbox 756 3429 808 3483; x_wconf 91' lang='lat' dir='ltr'>est</span> <span class='ocrx_word' id='word_1_169' title='bbox 832 3439 910 3482; x_wconf 93' lang='lat' dir='ltr'>cum</span> <span class='ocrx_word' id='word_1_170' title='bbox 934 3419 1078 3483; x_wconf 90' lang='lat' dir='ltr'>Claudio</span> <span class='ocrx_word' id='word_1_171' title='bbox 1102 3417 1205 3481; x_wconf 84' lang='lat' dir='ltr'>fratre</span> <span class='ocrx_word' id='word_1_172' title='bbox 1228 3419 1409 3503; x_wconf 89' lang='lat' dir='ltr'>liberisque</span> 
     </span>
     <span class='ocr_line' id='line_1_27' title="bbox 212 3542 439 3605; baseline -0.004 0"><span class='ocrx_word' id='word_1_173' title='bbox 212 3542 439 3605; x_wconf 85' lang='lat' dir='ltr'>Germanici.”</span> 
     </span>
    </p>

    <p class='ocr_par' dir='ltr' id='par_1_15' title="bbox 211 3657 1411 4444">
     <span class='ocr_line' id='line_1_28' title="bbox 255 3657 1409 3744; baseline -0.003 -20"><span class='ocrx_word' id='word_1_174' title='bbox 255 3662 338 3744; x_wconf 82' lang='lat' dir='ltr'>Quis</span> <span class='ocrx_word' id='word_1_175' title='bbox 359 3664 404 3724; x_wconf 92' lang='lat' dir='ltr'>rei</span> <span class='ocrx_word' id='word_1_176' title='bbox 426 3663 560 3742; x_wconf 86' lang='lat' dir='ltr'>ignarus</span> <span class='ocrx_word' id='word_1_177' title='bbox 582 3682 649 3723; x_wconf 91' lang='lat' dir='ltr'>non</span> <span class='ocrx_word' id='word_1_178' title='bbox 670 3669 768 3742; x_wconf 90' lang='lat' dir='ltr'>putet</span> <span class='ocrx_word' id='word_1_179' title='bbox 790 3660 899 3722; x_wconf 86' lang='lat' dir='ltr'>Drusi</span> <span class='ocrx_word' id='word_1_180' title='bbox 911 3658 965 3721; x_wconf 94' lang='lat' dir='ltr'>hic</span> <span class='ocrx_word' id='word_1_181' title='bbox 978 3657 1117 3721; x_wconf 78' lang='lat' dir='ltr'>fratrem</span> <span class='ocrx_word' id='word_1_182' title='bbox 1129 3658 1196 3720; x_wconf 91' lang='lat' dir='ltr'>dici</span> <span class='ocrx_word' id='word_1_183' title='bbox 1211 3657 1409 3723; x_wconf 85' lang='lat' dir='ltr'>Claudium?</span> 
     </span>
     <span class='ocr_line' id='line_1_29' title="bbox 211 3777 1411 3865; baseline -0.003 -21"><span class='ocrx_word' id='word_1_184' title='bbox 211 3783 294 3865; x_wconf 85' lang='lat' dir='ltr'>Quis</span> <span class='ocrx_word' id='word_1_185' title='bbox 316 3804 383 3844; x_wconf 88' lang='lat' dir='ltr'>uon</span> <span class='ocrx_word' id='word_1_186' title='bbox 405 3784 508 3843; x_wconf 87' lang='lat' dir='ltr'>sentit</span> <span class='ocrx_word' id='word_1_187' title='bbox 529 3782 582 3843; x_wconf 92' lang='lat' dir='ltr'>hic</span> <span class='ocrx_word' id='word_1_188' title='bbox 603 3790 661 3843; x_wconf 87' lang='lat' dir='ltr'>aut</span> <span class='ocrx_word' id='word_1_189' title='bbox 682 3781 744 3862; x_wconf 90' lang='lat' dir='ltr'>ipsi</span> <span class='ocrx_word' id='word_1_190' title='bbox 767 3779 901 3841; x_wconf 89' lang='lat' dir='ltr'>veritati</span> <span class='ocrx_word' id='word_1_191' title='bbox 922 3787 981 3841; x_wconf 90' lang='lat' dir='ltr'>aut</span> <span class='ocrx_word' id='word_1_192' title='bbox 994 3779 1160 3840; x_wconf 90' lang='lat' dir='ltr'>sermonis</span> <span class='ocrx_word' id='word_1_193' title='bbox 1172 3777 1308 3860; x_wconf 84' lang='lat' dir='ltr'>legibus</span> <span class='ocrx_word' id='word_1_194' title='bbox 1320 3800 1411 3862; x_wconf 81' lang='lat' dir='ltr'>aper·</span> 
     </span>
     <span class='ocr_line' id='line_1_30' title="bbox 212 3897 1411 3980; baseline -0.006 -14"><span class='ocrx_word' id='word_1_195' title='bbox 212 3906 339 3967; x_wconf 89' lang='lat' dir='ltr'>tissime</span> <span class='ocrx_word' id='word_1_196' title='bbox 373 3904 440 3964; x_wconf 90' lang='lat' dir='ltr'>vim</span> <span class='ocrx_word' id='word_1_197' title='bbox 473 3900 564 3964; x_wconf 84' lang='lat' dir='ltr'>fieri?</span> <span class='ocrx_word' id='word_1_198' title='bbox 601 3901 658 3963; x_wconf 86' lang='lat' dir='ltr'>An</span> <span class='ocrx_word' id='word_1_199' title='bbox 691 3901 868 3963; x_wconf 89' lang='lat' dir='ltr'>credamus</span> <span class='ocrx_word' id='word_1_200' title='bbox 892 3898 986 3960; x_wconf 91' lang='lat' dir='ltr'>salva</span> <span class='ocrx_word' id='word_1_201' title='bbox 1010 3897 1180 3960; x_wconf 90' lang='lat' dir='ltr'>latinitate</span> <span class='ocrx_word' id='word_1_202' title='bbox 1205 3917 1288 3980; x_wconf 89' lang='lat' dir='ltr'>pro:</span> <span class='ocrx_word' id='word_1_203' title='bbox 1319 3918 1411 3979; x_wconf 76' lang='lat' dir='ltr'>„cum</span> 
     </span>
     <span class='ocr_line' id='line_1_31' title="bbox 213 4015 1411 4098; baseline -0.008 -11"><span class='ocrx_word' id='word_1_204' title='bbox 213 4024 404 4088; x_wconf 86' lang='lat' dir='ltr'>Germanici</span> <span class='ocrx_word' id='word_1_205' title='bbox 430 4021 543 4083; x_wconf 89' lang='lat' dir='ltr'>liberis</span> <span class='ocrx_word' id='word_1_206' title='bbox 567 4029 601 4082; x_wconf 92' lang='lat' dir='ltr'>et</span> <span class='ocrx_word' id='word_1_207' title='bbox 627 4019 726 4081; x_wconf 84' lang='lat' dir='ltr'>fratre</span> <span class='ocrx_word' id='word_1_208' title='bbox 752 4015 917 4081; x_wconf 87' lang='lat' dir='ltr'>Claudio”</span> <span class='ocrx_word' id='word_1_209' title='bbox 939 4015 1005 4078; x_wconf 91' lang='lat' dir='ltr'>dici</span> <span class='ocrx_word' id='word_1_210' title='bbox 1026 4034 1127 4098; x_wconf 88' lang='lat' dir='ltr'>posse</span> <span class='ocrx_word' id='word_1_211' title='bbox 1151 4035 1248 4095; x_wconf 83' lang='lat' dir='ltr'>„cum</span> <span class='ocrx_word' id='word_1_212' title='bbox 1270 4015 1411 4081; x_wconf 89' lang='lat' dir='ltr'>Claudio</span> 
     </span>
     <span class='ocr_line' id='line_1_32' title="bbox 213 4134 1411 4221; baseline -0.009 -14"><span class='ocrx_word' id='word_1_213' title='bbox 213 4146 313 4207; x_wconf 83' lang='lat' dir='ltr'>fratre</span> <span class='ocrx_word' id='word_1_214' title='bbox 344 4143 526 4221; x_wconf 88' lang='lat' dir='ltr'>liberisque</span> <span class='ocrx_word' id='word_1_215' title='bbox 552 4135 786 4202; x_wconf 87' lang='lat' dir='ltr'>Germanici”?</span> <span class='ocrx_word' id='word_1_216' title='bbox 824 4138 944 4210; x_wconf 92' lang='lat' dir='ltr'>lmmo,</span> <span class='ocrx_word' id='word_1_217' title='bbox 969 4134 1109 4197; x_wconf 89' lang='lat' dir='ltr'>Tacitus</span> <span class='ocrx_word' id='word_1_218' title='bbox 1133 4134 1287 4216; x_wconf 89' lang='lat' dir='ltr'>scripsit:</span> <span class='ocrx_word' id='word_1_219' title='bbox 1318 4153 1411 4214; x_wconf 81' lang='lat' dir='ltr'>„cum</span> 
     </span>
     <span class='ocr_line' id='line_1_33' title="bbox 215 4250 1410 4339; baseline -0.008 -15"><span class='ocrx_word' id='word_1_220' title='bbox 215 4265 315 4325; x_wconf 78' lang='lat' dir='ltr'>fratre</span> <span class='ocrx_word' id='word_1_221' title='bbox 348 4261 528 4339; x_wconf 90' lang='lat' dir='ltr'>liberisque</span> <span class='ocrx_word' id='word_1_222' title='bbox 560 4257 785 4329; x_wconf 88' lang='lat' dir='ltr'>Germanici&#39;’,</span> <span class='ocrx_word' id='word_1_223' title='bbox 819 4257 878 4317; x_wconf 90' lang='lat' dir='ltr'>sed</span> <span class='ocrx_word' id='word_1_224' title='bbox 905 4255 938 4314; x_wconf 89' lang='lat' dir='ltr'>in</span> <span class='ocrx_word' id='word_1_225' title='bbox 964 4253 1115 4333; x_wconf 86' lang='lat' dir='ltr'>margine</span> <span class='ocrx_word' id='word_1_226' title='bbox 1140 4250 1262 4335; x_wconf 91' lang='lat' dir='ltr'>aliquis</span> <span class='ocrx_word' id='word_1_227' title='bbox 1287 4273 1410 4316; x_wconf 91' lang='lat' dir='ltr'>nomen</span> 
     </span>
     <span class='ocr_line' id='line_1_34' title="bbox 217 4379 493 4444; baseline -0.022 0"><span class='ocrx_word' id='word_1_228' title='bbox 217 4383 326 4444; x_wconf 78' lang='lat' dir='ltr'>fratris</span> <span class='ocrx_word' id='word_1_229' title='bbox 351 4379 493 4440; x_wconf 88' lang='lat' dir='ltr'>addidit.</span> 
     </span>
    </p>
   </div>
   <div class='ocr_carea' id='block_1_5' title="bbox 0 0 1621 5274">
    <p class='ocr_par' dir='ltr' id='par_1_16' title="bbox 0 0 1621 5274">
     <span class='ocr_line' id='line_1_35' title="bbox 0 0 1621 5274; baseline 0 0"><span class='ocrx_word' id='word_1_230' title='bbox 0 0 1621 5274; x_wconf 95' lang='lat' dir='ltr'> </span> 
     </span>
    </p>
   </div>
  </div>
 </body>
</html>
