3210 5274
790 379 845 443 171

221 537 441 622 Quapropter
472 561 534 622 pro
566 553 730 605 constaret
760 541 941 624 legendum
973 562 1096 605 censeo
1127 553 1255 614 constet,
1290 549 1326 602 ut
1350 539 1415 601 hoc

221 660 315 723 dicat
336 660 488 724 Tacitus:
525 661 606 741 ,hac
627 683 662 725 re
683 662 898 725 considerata
917 682 979 743 pro
999 671 1093 725 certo
1112 661 1289 743 affirmare
1307 660 1415 723 ausim

221 799 291 842 non
315 780 399 843 alios
423 781 574 863 potiores
598 781 731 844 suisse.”

265 898 374 963 Simili
395 899 479 962 vitio
499 901 553 963 hic
575 901 669 963 locus
682 902 755 982 (IV,
771 902 824 984 74)
839 901 981 964 laborat.
995 899 1270 964 Commemorata
1282 901 1416 963 abiecta

222 1020 278 1083 illa
298 1021 494 1084 adulatione
515 1043 582 1104 qua
602 1032 739 1085 senatus
759 1023 933 1085 Tiberium
954 1022 1192 1102 Seianumque,
1210 1042 1287 1084 cum
1301 1020 1417 1083 relicta

219 1161 280 1202 sua
303 1140 411 1203 insula
434 1141 610 1223 aliquanto
635 1143 773 1224 propius
796 1142 840 1204 ad
867 1143 984 1204 urbem
1005 1142 1218 1215 accederent,
1238 1141 1282 1202 sit
1303 1160 1416 1222 prose·

220 1269 328 1334 cutus,
354 1261 437 1323 haec
461 1262 651 1324 adduntur:

266 1378 356 1442 Satis
391 1380 571 1444 constabat
604 1390 740 1444 auctam
777 1383 808 1445 ei
839 1381 1066 1462 arrogantiam
1099 1380 1237 1443 foedum
1268 1379 1349 1442 illud
1382 1380 1415 1441 in

220 1498 403 1581 propatulo
428 1500 603 1563 servitium
627 1499 830 1583 spectanti.''

267 1618 356 1692 Non,
379 1628 415 1681 ut
435 1621 567 1701 opinor,
590 1621 822 1683 Romanorum
843 1621 900 1702 qui
922 1619 1049 1682 Tiberii
1068 1618 1250 1700 Seianique
1262 1626 1418 1699 tempore

221 1738 391 1812 vixerunt,
424 1738 478 1801 hic
511 1740 672 1802 iudicium
704 1740 878 1820 quoddam
911 1738 1066 1813 refertum
1093 1738 1162 1800 iure
1187 1739 1277 1799 enim
1301 1745 1418 1798 nostro

222 1877 428 1938 rogaremus,
453 1859 628 1939 quomodo
654 1858 788 1922 illorum
812 1859 987 1921 hominum
1008 1858 1198 1920 communis
1217 1858 1281 1919 ista
1301 1856 1418 1937 opinio

221 1976 343 2039 Tacito
375 1978 587 2040 innotescere
620 1980 781 2059 potuerit,
813 1986 905 2041 certe
929 1979 973 2040 ab
998 1998 1039 2040 eo
1064 1997 1151 2039 nunc
1176 1996 1246 2038 rem
1269 1975 1418 2056 aliquam

224 2104 394 2157 narratum
420 2096 458 2158 iri
483 2105 768 2178 exspectaremus,
794 2117 881 2178 quae
906 2099 1113 2160 documento
1137 2103 1225 2157 esset
1249 2095 1316 2156 iam
1337 2093 1418 2156 olim

224 2233 299 2276 eam
332 2212 401 2275 lere
433 2214 557 2276 civium
588 2213 688 2277 luisse
712 2216 926 2277 sententiam.
953 2214 1031 2288 Sed,
1057 2214 1118 2276 nisi
1143 2213 1258 2275 omnia
1283 2233 1336 2275 rne
1361 2212 1420 2275 lal-

226 2333 308 2408 lunt,
339 2335 420 2416 quid
446 2335 517 2416 ipse
543 2345 680 2397 censeat
706 2335 844 2397 Tacitus
868 2334 922 2397 hic
947 2335 1099 2416 exponit,
1124 2333 1177 2397 vel
1203 2334 1317 2415 potius
1340 2333 1421 2413 quid

228 2455 316 2535 apud
343 2453 519 2535 plerosque
549 2455 732 2528 historicos,
765 2473 909 2535 quorum
941 2452 1044 2515 libros
1075 2454 1118 2516 de
1149 2453 1211 2516 hac
1236 2460 1349 2515 aetate
1374 2452 1423 2513 in·

227 2572 348 2654 spexit,
375 2572 553 2635 invenerit.
580 2573 673 2653 Ergo
695 2573 779 2637 satz's
803 2583 928 2636 constat
951 2572 1143 2653 legendum.

268 2809 312 2872 A.
336 2809 397 2883 IV,
426 2827 473 2873 11.
498 2811 546 2875 Ut
568 2811 719 2893 ineptam
740 2811 898 2874 fabellam
919 2812 962 2873 de
974 2831 1115 2916 vveneno
1136 2811 1179 2874 ab
1198 2812 1271 2893 ipso
1285 2810 1423 2873 Tiberio

222 2927 338 2992 Druso
371 2929 439 2991 filio
471 2931 599 2993 tradito
631 2930 753 2994 refutet
784 2930 909 3011 (Seiani
934 2951 1057 3012 nempe
1082 2930 1199 2993 fraude
1223 2951 1290 2993 non
1314 2928 1422 2992 solum

218 3048 411 3126 pellectum
443 3049 605 3131 Lygdum
631 3048 789 3111 libertum
815 3057 851 3110 ut
876 3047 1181 3112 venenum'Druso
1206 3057 1339 3129 pararet
1363 3048 1422 3111 sed

215 3169 331 3231 etiarn
364 3167 502 3229 Tiberio
536 3188 732 3249 persuasum
764 3167 869 3230 lilium
901 3171 931 3231 ei
957 3168 1100 3231 nefarias
1124 3176 1253 3230 struere
1277 3167 1424 3241 insidias,

213 3282 403 3348 Tiberium
428 3307 510 3367 ergo
534 3287 704 3369 poculum,
730 3289 821 3368 quod
844 3296 880 3349 ut
902 3287 1024 3350 vitaret
1045 3288 1193 3349 monitus
1213 3293 1312 3359 esset,
1333 3285 1425 3348 obla-

208 3408 299 3468 tum
321 3406 494 3487 accepisse
515 3380 646 3488 ipsique
668 3406 737 3469 filio
757 3407 965 3468 ebibendum
986 3407 1130 3480 dedisse,
1152 3425 1266 3467 rumor
1283 3403 1425 3484 serebat)

204 3534 258 3589 et
283 3526 361 3588 aliis
385 3527 490 3587 utitur
513 3525 721 3606 argumentis
744 3524 883 3587 Tacitus
907 3533 941 3586 et
966 3523 1045 3586 hoc:

273 3643 386 3726 „Quin
408 3645 521 3727 potius
543 3644 732 3706 ministrum
754 3645 875 3706 veneni
889 3644 1107 3716 excruciaret,
1121 3651 1295 3705 auctorem
1309 3641 1425 3721 exqui-

202 3774 327 3839 reret,
353 3765 452 3826 insita
477 3764 624 3845 denique
649 3763 752 3825 etiam
777 3763 809 3823 in
835 3770 1014 3824 extraneos
1039 3762 1255 3824 cunctatione
1276 3770 1310 3822 et
1332 3780 1425 3822 mora

198 3887 409 3947 adversum
433 3884 571 3945 unicum
592 3890 627 3945 et
648 3882 769 3944 nullius
789 3890 868 3943 ante
882 3881 999 3963 flagitii
1013 3891 1225 3964 compertum
1240 3877 1425 3942 utereturi”

271 4002 404 4083 Utique
428 4010 506 4083 post
530 4012 730 4082 compertum
755 4001 972 4063 inserendum
997 4010 1048 4063 est
1066 4000 1189 4085 filium.
1211 4000 1266 4065 Sic
1287 4002 1426 4063 demum

205 4131 405 4183 extraneos
425 4118 566 4182 habebit
586 4120 678 4199 quod
700 4126 791 4181 recte
812 4129 1016 4201 opponatur,
1037 4129 1071 4182 et
1092 4122 1220 4183 unicum
1239 4121 1352 4182 dicere
1366 4140 1427 4201 pro

214 4241 363 4303 unicum
381 4240 494 4324 filium
520 4260 561 4302 ne
587 4239 748 4301 Latinum
774 4240 912 4320 quidem
938 4241 1081 4302 videtur.
