3210 5274
774 375 843 438 260

199 557 348 636 Unique
379 557 606 617 incommodo
635 555 810 616 leniffiima
841 553 1020 616 snbveniri
1053 561 1172 634 potest
1196 553 1415 614 correctione.

200 675 357 736 Duarum
375 677 470 736 enim
489 674 703 736 literularurn
722 675 993 756 uanspositione
1015 692 1080 755 pro
1084 675 1227 755 faceret
1238 673 1419 754 legendum

199 794 350 854 arbitros
364 796 513 874 ,strant

247 1031 292 1091 ,h
317 1029 416 1102 xxi,
443 1047 473 1110 5.
506 1030 646 1092 Nerone
670 1032 705 1091 in
728 1031 868 1092 theatro
891 1040 985 1092 artes
1007 1051 1086 1092 suas
1109 1031 1305 1094 exhibente
1329 1039 1423 1093 tanta

202 1151 390 1214 multitudo
411 1152 534 1213 aderat
558 1162 597 1212 ut
619 1151 864 1215 obtererentur
885 1152 979 1214 haud
1004 1151 1125 1233 pauci;
1147 1160 1334 1232 praeterea
1351 1154 1423 1234 ipso

202 1271 367 1332 audiendi
396 1272 650 1352 spectandique
679 1271 799 1334 labore
831 1273 866 1333 in
893 1290 1037 1353 gravem
1062 1270 1224 1333 morbum
1251 1271 1352 1334 multi
1377 1272 1424 1334 in-

202 1390 381 1451 ciderunt:

253 1508 403 1588 ,quippe
436 1508 576 1588 gratior
611 1509 723 1570 inerat
757 1518 881 1581 metus,
915 1510 945 1571 si
980 1508 1183 1591 spectaculo
1223 1509 1425 1585 defuissent,

206 1625 323 1686 multis
354 1627 469 1708 palam
492 1637 529 1688 et
552 1627 708 1708 pluribus
729 1628 885 1700 occultis,
910 1637 948 1689 ut
972 1628 1115 1691 nomina
1138 1648 1179 1691 ac
1204 1629 1335 1704 vultus,
1359 1629 1425 1692 ala-

205 1745 365 1806 critatem
388 1747 633 1828 tristitiamque
656 1749 857 1809 coeuntium
880 1747 1150 1809 scrutarentur.”

251 1862 356 1943 Quod
379 1865 436 1926 hic
459 1886 529 1926 vox
552 1886 587 1947 q.
600 1887 631 1927 e.
648 1866 767 1947 palan
790 1867 955 1928 adiectivi
979 1865 1033 1928 vel
1058 1867 1232 1948 participii
1256 1868 1333 1930 vice
1354 1868 1425 1931 lun-

207 1985 309 2064 gitur,
341 1986 376 2045 in
407 2005 452 2046 eo
483 1986 663 2048 molestiae
693 1996 747 2048 est
779 1986 874 2058 nihil,
899 1988 960 2048 sed
985 1986 1166 2049 serendum
1193 2008 1262 2049 non
1289 1989 1426 2050 videtur

209 2104 303 2183 quod
334 2105 534 2167 coniunctio
564 2118 602 2168 nt
631 2107 827 2169 annectitur
857 2107 1051 2169 sententiae
1075 2107 1177 2188 parti,
1202 2127 1293 2187 quae
1319 2108 1425 2170 verbo

210 2223 313 2303 plane
343 2234 448 2285 caret
486 2224 580 2306 Ergo
611 2245 676 2307 pro
706 2237 744 2287 at
772 2225 928 2306 legamus
957 2227 1034 2308 qui:
1070 2246 1150 2288 cum
1181 2225 1282 2287 litera
1315 2249 1337 2308 q
1368 2227 1425 2289 ali-

210 2360 280 2421 quo
311 2360 392 2403 casu
422 2345 628 2417 evanuisset,
659 2346 753 2425 quod
785 2354 931 2407 restaret
955 2346 990 2407 in
1014 2357 1053 2408 ut
1074 2345 1200 2408 abiisse
1228 2346 1424 2409 mirandum

212 2480 281 2520 non
305 2470 358 2521 est
378 2460 412 2541 ¹).

258 2695 303 2757 A.
324 2696 421 2770 xvl,
443 2714 496 2760 22.
516 2699 752 2762 Vehementer
764 2702 798 2763 in
811 2701 999 2764 Thraseam
1013 2701 1186 2764 invehitur
1199 2701 1425 2765 Cossutianus

212 2813 347 2896 Capito,
379 2836 528 2898 eumque
552 2820 671 2900 utique
695 2839 740 2881 ex
763 2821 905 2882 civitate
928 2821 1121 2883 tollendum
1145 2840 1220 2882 esse
1245 2829 1425 2883 senatores

214 2935 328 2996 docet.
362 2933 466 2998 Cuius
496 2938 607 3000 oratio
638 2938 705 3000 huc
736 2937 806 3000 sere
838 2941 928 3002 redit
959 2950 997 3002 ut
1030 2942 1245 3003 demonstret
1278 2960 1323 3003 eo
1357 2942 1425 3002 iam

214 3061 356 3116 ventum
380 3076 454 3118 esse
478 3067 516 3119 ut
541 3060 650 3120 otiose
674 3060 763 3120 inter
786 3078 822 3119 se
847 3047 1109 3122 confabulantes
1128 3061 1287 3122 homines
1309 3062 1354 3122 de
1376 3082 1425 3123 re-

215 3173 353 3254 publica
371 3176 419 3238 ita
439 3176 624 3259 loquantur
642 3179 739 3259 quasi
759 3178 794 3240 in
814 3179 883 3240 duo
904 3179 1099 3241 discesserit
1118 3189 1248 3242 castra:
1275 3180 1426 3244 Neronis

212 3306 248 3357 et
268 3295 451 3360 Thraseae.
476 3299 662 3380 Postquam
683 3299 790 3361 multa
810 3300 844 3361 in
864 3300 954 3362 hanc
973 3301 1180 3364 sententiam
1202 3301 1426 3378 declamavit,

216 3417 281 3480 hoc
306 3438 443 3501 quoque
468 3419 582 3482 addit:
1047 3396 1050 3400 ,

263 3541 414 3619 ,Diurna
446 3538 564 3622 populi
596 3537 741 3600 Romani
767 3559 828 3620 per
853 3539 1058 3620 provincias,
1084 3560 1145 3622 per
1169 3540 1344 3603 exercitus
1369 3562 1425 3604 cu·

215 3661 320 3721 ratius
342 3659 511 3741 leguntur,
536 3667 572 3720 ut
597 3667 757 3720 noscatur
781 3659 863 3740 quid
888 3658 1040 3721 Thrasea
1065 3680 1134 3722 non
1161 3658 1314 3722 fecerit.”

262 3778 341 3842 Scio
373 3780 416 3842 ad
449 3779 539 3841 istud
572 3799 633 3840 non
659 3777 913 3840 defendendum
937 3799 956 3840 e
981 3778 1269 3859 praecedentibus
1294 3779 1425 3842 nubem

218 3898 454 3981 exemplorum
479 3898 618 3962 excitari
645 3918 762 3980 posse:
788 3899 956 3980 principio
977 3899 1057 3960 anni
1078 3897 1230 3960 Thrasea
1249 3900 1340 3962 vitat
1359 3901 1425 3963 sol-

217 4017 329 4081 lemne
366 4020 614 4094 iusiurandum;
657 4039 718 4080 non
760 4019 858 4080 adest
895 4017 1207 4099 nuncupationibus
1242 4027 1424 4097 votorum;

220 4160 385 4219 nunquam
422 4138 577 4202 immolat
613 4158 675 4221 pro
710 4138 819 4200 salute
856 4147 914 4200 aut
950 4135 1087 4199 caelesti
1121 4158 1205 4200 voce
1239 4138 1423 4222 principis;

261 4399 285 4462 1)
305 4398 394 4460 Imago
413 4396 512 4445 codicis
532 4398 704 4462 phototypica
723 4398 775 4462 legi
794 4399 837 4447 hic
859 4396 959 4479 nequit.
