3210 5274
773 374 833 442 ²35

201 538 318 615 vitam,
351 560 416 602 neu
450 548 608 622 patruum
640 540 704 603 sibi
738 540 911 605 Othonem
939 540 1039 604 fuisse
1064 550 1121 604 aut
1146 542 1402 605 oblivisceretur

202 679 355 740 unquam
378 669 437 723 aut
462 661 604 723 nimium
628 661 871 724 meminisset.”

249 777 340 842 Num
369 780 559 862 quidquam
591 780 646 843 hic
678 779 910 844 desideratur?
935 782 1045 844 Immo
1068 781 1183 843 omnia
1206 789 1283 843 sunt
1307 800 1402 862 prae·

202 899 414 962 stantissima
427 899 757 982 absolutissimaque.
771 901 956 982 Postquam
969 900 1224 963 adolescentulo
1238 901 1403 983 persuasit

202 1020 238 1083 in
267 1021 461 1101 praesentia
486 1021 568 1083 nihil
592 1021 623 1083 ei
646 1041 720 1083 esse
745 1020 894 1103 periculi,
921 1041 962 1083 ne
987 1021 1020 1082 in
1047 1029 1219 1103 posterum
1244 1021 1315 1102 ipse
1339 1020 1403 1082 sibi

206 1139 358 1222 pericula
392 1149 558 1222 provocet
593 1141 659 1203 hoc
694 1160 772 1203 eum
806 1148 922 1202 monet
948 1149 1167 1220 argumento:
1203 1148 1403 1219 „contentus

203 1279 279 1323 esse
304 1268 403 1341 potes
427 1280 467 1322 ea
491 1260 669 1342 dignitate,
694 1279 797 1340 quam
818 1279 882 1340 ego
902 1259 936 1320 in
957 1267 1095 1339 gentem
1117 1266 1266 1321 nostram
1287 1258 1401 1334 intuli;

206 1379 289 1461 quid
314 1378 377 1441 tibi
402 1398 489 1461 opus
513 1380 555 1443 ad
580 1378 702 1442 altiora
725 1379 865 1442 tendere
877 1377 909 1440 ?”
934 1378 981 1441 Et
1000 1387 1079 1441 sunt
1099 1378 1153 1441 hic
1174 1379 1288 1441 omnia
1308 1399 1403 1461 prae·

206 1498 297 1562 clare
325 1500 520 1575 enuntiata;
538 1498 771 1582 'pulcherrime
793 1520 874 1562 vero
898 1508 976 1581 post
1001 1499 1139 1562 brevem
1164 1497 1403 1562 sententiolam

208 1619 311 1698 ‚satis
341 1619 487 1700 posteris
520 1618 709 1682 nobilitatis
739 1618 954 1700 quaesitum”
977 1620 1092 1682 statim
1116 1619 1293 1682 subiicitur
1316 1619 1405 1682 clau·

206 1739 289 1814 sula,
322 1759 391 1821 qua
418 1747 493 1802 tota
516 1738 678 1802 allocutio
702 1740 959 1822 quodammodo
979 1741 1012 1802 in
1034 1760 1135 1803 unam
1160 1739 1247 1802 hanc
1272 1748 1405 1802 contra·

206 1859 298 1923 hitur
329 1859 617 1935 adhortationem,
648 1880 716 1941 qua
748 1860 830 1922 nihil
859 1880 1008 1943 unquam
1032 1860 1075 1923 ad
1100 1860 1232 1923 animos
1255 1879 1405 1922 commo·

208 1980 339 2042 vendos
363 1979 476 2061 aptius
500 1978 580 2042 luit:
609 1980 773 2061 „proinde
797 1989 913 2042 erecto
937 1981 1050 2042 animo
1075 1988 1267 2062 capesseret
1288 1980 1405 2054 vitam,

208 2119 274 2163 neu
299 2108 458 2182 patruum
482 2098 547 2161 sibi
571 2097 746 2162 Othonem
770 2097 870 2161 luisse
894 2107 952 2161 aut
976 2098 1232 2162 oblivisceretur
1255 2119 1405 2181 unquam

209 2227 268 2283 aut
293 2219 435 2281 nimium
460 2216 706 2281 meminisset.'’
729 2215 821 2299 Quid
845 2237 926 2280 vero
951 2216 1082 2281 codex?
1107 2219 1188 2281 Post
1208 2218 1281 2281 illa:
1306 2220 1406 2298 „satis

212 2340 343 2402 sibi...
379 2338 596 2421 quaesitum”
632 2339 716 2402 haec
750 2340 854 2402 etiam
891 2340 989 2402 nobis
1019 2340 1158 2421 ingerit:
1187 2348 1284 2422 „post
1309 2340 1411 2402 lulios

213 2459 373 2525 Claudios
404 2458 541 2524 Servios
572 2479 608 2521 se
640 2459 787 2541 primum
818 2460 852 2521 in
885 2458 1046 2522 familiam
1077 2479 1202 2522 novam
1230 2460 1408 2541 imperium

211 2579 395 2653 intulisse'’,
422 2579 457 2642 in
477 2580 601 2661 quibus
622 2578 728 2642 multa
748 2580 1031 2661 reprehendenda
1049 2588 1138 2655 sunt,
1152 2581 1209 2642 vix
1222 2580 1410 2662 quidquam

212 2710 261 2764 est
298 2700 391 2782 quod
428 2700 563 2782 probes.
601 2700 750 2762 Primum
782 2699 989 2763 divelluntur
1023 2701 1063 2762 iis
1094 2720 1134 2762 ea
1169 2720 1256 2782 quae
1293 2701 1410 2782 utique

212 2821 383 2903 iungenda
403 2828 438 2882 et
461 2821 551 2882 inter
574 2839 609 2881 se
634 2819 899 2900 constringenda
922 2828 1010 2882 sunt.
1035 2820 1123 2883 Tum
1149 2841 1216 2883 non
1242 2822 1289 2884 ita
1312 2821 1409 2885 facile

213 2948 262 3002 est
286 2947 405 3022 aptum
430 2937 509 3001 inde
534 2939 723 3001 extundere
746 2959 892 3001 sensum.
914 2936 1005 3020 Quid
1026 2940 1117 3002 enim
1139 2940 1220 3002 illud
1234 2950 1302 3004 est:
1327 2963 1410 3024 „ego

216 3061 342 3142 primus
366 3058 400 3122 in
424 3058 587 3121 familiam
612 3078 737 3121 novam
762 3059 943 3141 imperium
964 3057 1103 3121 intuli'’?
1124 3060 1249 3122 Fuitne
1269 3061 1410 3124 omnino

217 3178 364 3244 Othonis
394 3198 479 3261 gens
509 3187 581 3241 tam
609 3179 753 3241 obscura
785 3187 822 3240 ut
846 3198 927 3259 prae
951 3180 1073 3242 ceteris
1096 3200 1180 3242 nova
1205 3189 1297 3243 recte
1321 3181 1412 3244 dice·

218 3297 328 3363 retur?
364 3299 475 3362 Immo
511 3307 608 3381 pater
643 3299 715 3361 eius
749 3298 916 3377 ¹‚urbanos
944 3297 1101 3372 honores,
1135 3300 1411 3380 proconsulatum

216 3419 353 3483 Africae
374 3428 409 3482 et
433 3419 701 3482 extraordinaria
721 3419 930 3501 imperia...
955 3417 1271 3481 administraverat”
1293 3418 1412 3502 (Suet.)

217 3548 249 3602 et
280 3538 391 3622 gratia
422 3539 551 3602 Tiberii
583 3537 751 3601 floruerat.
784 3538 873 3601 Tum
900 3539 983 3600 mire
1008 3548 1086 3621 post
1111 3539 1249 3601 nomina
1272 3538 1412 3620 gentilia

216 3658 320 3722 Iulios
343 3657 500 3723 Claudios
519 3657 649 3722 Galbae
663 3670 865 3740 praenomen
886 3657 1024 3723 Servius
1041 3659 1226 3721 subiicitur.
1242 3658 1317 3720 Hoc
1332 3679 1413 3721 vero

218 3779 495 3841 absurdissimum
519 3779 611 3860 quod
636 3798 713 3841 cum
737 3779 888 3860 imperiis
912 3777 984 3851 illis,
1009 3799 1096 3859 quac
1123 3779 1196 3842 Iulii
1221 3788 1255 3841 et
1280 3779 1411 3843 Claudii

218 3918 277 3979 per
308 3898 446 3979 longam
477 3916 644 3960 annorum
677 3899 798 3959 seriem
830 3898 1061 3971 obtinuerunt,
1087 3899 1184 3979 pauci
1210 3898 1256 3962 illi
1282 3898 1411 3961 Galbae

219 4036 352 4080 menses
383 4025 646 4098 componuntur,
678 4027 854 4098 tamquam
882 4018 908 4079 si
934 4018 1015 4080 nihil
1041 4019 1229 4081 interesset.
1255 4019 1412 4101 Denique

220 4137 333 4199 omnia
364 4136 591 4199 semidoctum
617 4136 766 4218 produnt
792 4138 976 4213 hominem,
1001 4139 1095 4202 cuius
1119 4138 1247 4201 misella
1271 4150 1414 4201 annota-

221 4256 369 4320 tiuncula
403 4255 573 4320 debilitari
609 4255 740 4319 virilem
773 4258 1015 4339 robustamque
1047 4258 1193 4323 Othonis
1223 4258 1413 4321 orationem

223 4396 287 4439 non
313 4376 401 4439 ultra
425 4375 581 4438 feremus.

1187 4758 1592 4952 ΛΑ
