3210 5274
778 331 818 397 27

199 492 283 555 urbe
314 493 493 575 potiamini
520 513 623 575 quam
652 494 679 555 si
705 513 816 555 arcem
841 512 982 555 vacuam
1006 489 1267 574 occupassetis”.
1293 489 1394 551 Haud

201 611 318 692 inepte
342 609 486 673 conferri
511 611 618 693 possit
641 611 810 675 hereditas
831 613 901 674 sine
924 613 1041 675 sacris.

246 727 381 791 Tertius
404 730 438 791 in
463 728 656 792 Annalibus
679 729 801 811 legitur
825 730 845 792 l.
871 730 921 792 ΙΙΙ
944 750 973 793 c.
996 746 1051 812 ¹74.
1072 730 1126 792 De
1147 728 1267 792 Blaeso
1288 729 1395 811 perite

200 856 236 910 et
270 848 457 930 prudenter
491 846 778 912 Tacfarinaticum
812 849 1071 912 administrante
1107 848 1233 912 bellum
1266 856 1300 911 et
1332 846 1397 910 alia

202 975 381 1029 narrantur
404 975 439 1029 et
463 966 564 1030 haec:

247 1086 455 1167 tripertitum
479 1086 666 1149 exercitum
691 1086 804 1169 plures
828 1088 861 1150 in
883 1106 1001 1150 manus
1021 1087 1186 1169 dispergit
1202 1086 1396 1170 praeponit-

202 1224 269 1285 que
300 1205 516 1267 centuriones
546 1206 680 1269 virtutis
711 1215 883 1288 expertae.
910 1207 993 1281 Nec,
1018 1215 1055 1270 ut
1080 1227 1154 1269 mos
1177 1205 1295 1281 fuerat,
1319 1214 1396 1268 acta

201 1330 332 1385 aestate
356 1323 498 1386 retrahit
522 1325 638 1406 copias
662 1333 720 1387 aut
744 1326 778 1387 in
803 1324 1029 1388 hibernaculis
1053 1325 1177 1388 veteris
1200 1324 1395 1406 provinciae

202 1441 389 1523 componit,
413 1444 473 1504 sed
498 1443 592 1506 utin
615 1443 728 1506 limine
750 1443 826 1506 belli
849 1443 1021 1525 dispositis
1044 1442 1190 1506 castellis
1213 1463 1274 1525 per
1294 1461 1396 1524 expe·

201 1560 293 1623 ditos
317 1568 352 1622 et
375 1560 596 1624 solitudinum
620 1581 744 1644 gnaros
767 1571 957 1626 mutantem
982 1561 1128 1645 mapalia
1146 1561 1396 1625 Tacfarinatem

201 1678 438 1761 proturbabat.

248 1800 315 1862 Hic
350 1801 579 1883 Nipperdeius
614 1814 651 1866 ut
684 1803 787 1878 delet,
819 1823 884 1885 ego
915 1803 1131 1866 retinendum
1162 1822 1295 1877 cense0,
1328 1822 1396 1865 non

201 1927 319 1981 tamen
351 1920 399 1982 ita
428 1921 560 2002 accipio
590 1929 627 1983 ut
659 1920 852 1996 Furneaux,
884 1922 942 2003 qui
973 1930 1136 2003 tanquam
1168 1922 1259 1984 idem
1284 1920 1397 1984 valeat

201 2037 296 2118 quod
325 2038 487 2120 „utpote”
510 2040 763 2121 interpretatur.
789 2040 1026 2122 Metaphoram
1051 2060 1092 2103 ea
1114 2039 1235 2103 vocula
1258 2039 1397 2102 Tacitus

202 2165 355 2231 excusat,
381 2177 459 2219 nam
485 2158 685 2239 metaphora
709 2167 760 2221 est
779 2158 861 2222 illud
882 2160 980 2222 limen
999 2159 1083 2233 belli,
1104 2179 1171 2240 qua
1191 2167 1306 2221 tamen
1328 2177 1395 2221 non

204 2276 256 2356 (ut
290 2275 445 2358 plerique
475 2297 529 2338 vv.
554 2277 612 2339 dd.
636 2287 756 2358 putare
780 2277 950 2359 videntur)
974 2289 1101 2360 tempus
1123 2276 1182 2339 sed
1205 2276 1293 2339 locus
1316 2277 1402 2339 indi·

204 2402 312 2456 catur.
355 2392 475 2456 Castra
514 2393 681 2475 disposuit
716 2394 853 2458 Blaesus
884 2396 918 2457 in
949 2395 1030 2477 ipsis
1061 2394 1184 2458 finibus
1215 2395 1399 2457 immensae

202 2510 299 2587 illius¹
323 2513 481 2594 regionis,
515 2513 572 2575 ubi
605 2511 804 2595 plerumque
836 2512 962 2576 bellum
994 2522 1067 2576 erat
1097 2514 1295 2595 gerendum,
1320 2512 1400 2584 inde

202 2630 302 2693 facile
333 2631 366 2693 in
400 2632 573 2693 desertum
605 2632 753 2694 excurrit
777 2632 996 2713 recurritque,
1020 2632 1130 2694 donec
1154 2640 1256 2713 capto
1280 2629 1399 2693 Tacfa-

202 2750 322 2812 rinatis
353 2748 422 2812 filio
455 2769 625 2831 regressus
650 2758 702 2812 est
725 2750 771 2831 (in
795 2750 895 2813 solita
920 2751 1070 2831 priorum
1095 2751 1220 2812 ducum
1244 2748 1399 2811 hiberna·

202 2867 292 2949 cula)
317 2866 401 2930 falso
424 2875 517 2931 ratus
541 2867 644 2930 finem
668 2869 735 2930 iam
759 2868 886 2931 bellum
912 2868 1048 2931 habere.
1073 2867 1202 2950 Quodsi
1227 2867 1308 2930 mihi
1330 2886 1397 2930 non
1421 2869 1430 2883 '

203 2987 405 3051 conceditur
418 2999 561 3070 propter
581 2988 810 3071 metaphoram
831 2987 912 3052 illud
932 3001 970 3052 ut
988 2990 1136 3070 positum
1154 3007 1237 3062 esse,
1253 2987 1399 3070 Nipper-

204 3107 330 3170 deiano
362 3105 461 3169 nobis
492 3107 644 3169 remedio
675 3115 727 3169 est
758 3108 933 3181 utendum,
960 3128 1039 3170 nam
1062 3108 1088 3168 si
1112 3127 1212 3169 sensu
1236 3110 1290 3169 τοῦ
1315 3120 1398 3171 tam·

204 3246 306 3306 quam
335 3226 366 3288 si
396 3224 592 3307 accipimus,
624 3225 849 3306 temporalem
882 3225 994 3287 verbis
1024 3226 1121 3289 limen
1151 3225 1228 3289 belli
1249 3226 1318 3288 vim
1342 3225 1400 3288 tri·

205 3344 352 3418 buimus,
376 3344 468 3423 quod
492 3342 612 3406 falsum
636 3352 704 3418 est;
729 3344 756 3405 si
781 3345 872 3406 idem
897 3351 1055 3425 putamus
1074 3363 1147 3406 esse
1167 3344 1260 3425 quod
1281 3355 1398 3426 utpote,

205 3462 363 3531 Blaesum
390 3470 608 3543 reputantem
631 3461 773 3524 facimus
796 3481 883 3543 quae
907 3482 1006 3525 sensu
1031 3482 1126 3525 cassa
1149 3463 1318 3524 videntur.
1343 3460 1398 3524 Sic

204 3581 296 3644 enim
320 3589 394 3643 tum
417 3600 495 3642 eum
519 3599 634 3642 secum
659 3580 799 3642 facimus
823 3579 1090 3661 colloquentem:
1120 3600 1211 3659 „sum
1235 3578 1340 3641 semel
1364 3579 1398 3642 in

203 3701 329 3763 finibus
354 3700 509 3781 regionis,
536 3700 593 3762 ubi
617 3699 743 3763 bellum
766 3700 903 3781 geritur,
927 3721 1008 3783 ergo
1030 3699 1076 3761 ibi
1102 3698 1280 3762 manebo”.

249 3817 345 3900 Apte
378 3817 429 3880 his
459 3818 587 3880 addere
611 3837 747 3899 possum
772 3818 815 3880 de
839 3818 971 3880 duabus
994 3817 1197 3881 lectionibus
1220 3819 1398 3900 disputati·

205 3957 318 4012 onem,
350 3955 438 4017 quae
466 3935 569 3999 salsae
593 3935 674 3998 mihi
698 3937 866 3999 videntur.
892 3935 1042 4017 Quarum
1066 3937 1158 4018 prior
1183 3937 1330 4018 pertinet
1355 3938 1397 4001 ad

206 4055 299 4118 Ann.
325 4054 404 4130 XII,
430 4055 489 4117 26:

251 4174 365 4236 Nemo
389 4174 477 4236 adeo
500 4192 623 4255 expers
647 4172 897 4234 misericordiae
922 4172 983 4237 fuit
1004 4193 1105 4255 quem
1126 4194 1194 4236 non
1215 4174 1400 4238 Britannici

209 4291 363 4354 fortunae
397 4311 528 4353 maeror
560 4291 653 4373 (Em.
685 4289 821 4353 fortuna
845 4293 1010 4374 maerore)
1034 4293 1195 4357 afficeret.
1219 4292 1401 4356 Desolatus
