3210 5274
789 376 825 441 31

205 539 365 601 omnibus
396 537 520 601 fuerint
551 559 610 601 cur
641 539 825 621 participes
856 540 977 603 fierent
1008 540 1260 603 coniurationis.
1293 539 1404 621 Quam

206 677 288 738 ergo
319 677 456 719 causam
488 656 607 720 habuit
634 655 800 721 Senecio?
825 657 959 740 Nempe
983 658 1075 739 quod
1092 658 1255 741 periculis
1277 660 1404 743 conflic-

205 776 352 850 tabatur,
385 776 492 856 iisque
525 776 664 838 tandem
697 776 881 857 aliquando
906 797 1109 859 quocunque
1134 778 1275 840 tandem
1299 778 1403 841 modo

205 894 340 957 liberari
361 895 531 976 cupiebat.
553 894 629 956 Hoc
650 895 790 976 quidem
811 894 907 958 facile
928 895 1157 977 intelligimus
1178 895 1229 959 At
1248 895 1305 958 illa
1318 897 1405 978 peri·

205 1013 282 1076 cula
313 1033 401 1096 quae
425 1010 581 1076 fuerunt?
609 1013 662 1093 ,A
686 1015 868 1077 coniuratis
893 1014 1196 1096 proficiscebantur
1220 1012 1298 1076 illa”
1322 1014 1405 1077 Fur·

205 1153 318 1196 neaux
346 1134 403 1196 ait.
430 1132 497 1197 Sed
521 1131 605 1194 illud
630 1131 828 1196 incredibile
851 1133 913 1194 nisi
938 1132 1039 1195 -id
1064 1134 1156 1213 quod
1182 1131 1274 1195 nullo
1299 1134 1403 1195 modo

206 1252 306 1314 nobis
336 1253 534 1334 suppeditat
565 1251 675 1314 Taciti
708 1251 855 1313 narratio
879 1251 1109 1314 —sumimus
1140 1249 1278 1332 longam
1307 1270 1403 1332 prae·

205 1371 346 1433 cessisse
370 1371 642 1433 coniurationum
666 1370 798 1444 seriem,
823 1388 965 1450 quarum
990 1369 1076 1432 unu's
1099 1377 1134 1432 et
1157 1369 1242 1433 alter
1265 1389 1309 1432 ex
1335 1370 1401 1432 Ne·

205 1490 298 1552 ronis
325 1490 442 1561 amieis
465 1490 532 1551 iam
558 1489 696 1552 victima
720 1486 829 1550 fuerit.
855 1487 954 1550 Nunc
979 1507 1061 1551 vero
1085 1487 1249 1551 eiusmodi
1273 1489 1401 1572 aliquid

204 1610 253 1671 sic
285 1607 355 1671 fere
386 1608 486 1671 fuerit
517 1609 781 1671 enuntiandum:
811 1608 989 1689 praecipua
1017 1609 1051 1670 ia
1068 1609 1219 1690 periculo
1243 1622 1327 1673 erat.
1353 1607 1403 1672 At

205 1727 317 1808 ipsum
350 1726 431 1790 illud
463 1747 566 1808 quarn
597 1728 640 1789 sit
671 1728 843 1808 ineptum:
872 1725 1015 1789 Senecio
1039 1725 1082 1787 de
1107 1727 1340 1791 coniuratione
1365 1728 1403 1790 fit

204 1847 330 1909 certior
362 1866 545 1928 secumque
576 1847 624 1908 ita
647 1844 813 1926 loquitur:
842 1846 947 1925 „eheu
971 1853 1136 1926 quantum
1161 1845 1253 1921 mihi,
1277 1847 1334 1927 qui
1359 1867 1403 1909 ex

205 1966 326 2027 intima
358 1966 421 2027 sim
453 1965 599 2027 Neronis
631 1963 870 2038 familiaritate,
902 1983 990 2026 nunc
1019 1963 1196 2045 impendet
1222 1964 1360 2046 periculi
1371 1965 1403 2026 !”

205 2082 298 2166 Quid
319 2081 520 2165 ergo-facit?
542 2083 705 2146 Defertne
725 2102 797 2144 rem
817 2083 861 2145 ad
883 2081 1077 2145 Neronem?
1099 2083 1208 2145 Immo
1229 2103 1310 2146 vero
1329 2085 1402 2166 ipse

204 2202 245 2266 fit
268 2203 510 2265 coniurationis
534 2202 655 2276 socius,
675 2203 746 2264 eius
765 2200 894 2265 scilicet
913 2201 1165 2272 coniurationis,
1185 2202 1278 2264 cuius
1298 2222 1400 2284 quam

203 2324 250 2385 sit
277 2322 401 2385 dubius
425 2330 568 2385 eventus
590 2320 688 2384 facile
713 2322 820 2403 possit
844 2320 1043 2402 intelligere,
1064 2341 1152 2402 quae
1175 2340 1278 2401 quam
1303 2320 1402 2385 facile

205 2442 315 2524 possit
338 2442 453 2524 detegi
476 2442 549 2523 ipse
573 2449 625 2503 est
650 2449 827 2522 expertus:
852 2441 896 2502 ad
920 2441 1031 2521 ipsum
1055 2441 1144 2503 enim
1169 2441 1237 2502 iam
1260 2450 1333 2503 tum
1358 2442 1401 2504 de

204 2581 247 2624 ea
277 2569 480 2642 pervenerat
508 2560 645 2623 nuntius
669 2579 747 2622 cum
772 2559 873 2640 vulgo
898 2559 1044 2620 Neronis
1069 2558 1240 2621 videretur
1263 2561 1402 2622 amicus

204 2678 327 2744 Sermo
357 2700 439 2761 ergo
463 2688 514 2742 est
538 2679 581 2741 de
606 2679 780 2760 perpetuis
804 2677 960 2759 periculis
983 2677 1017 2738 in
1042 2677 1164 2758 quibus
1189 2678 1265 2739 Piso
1290 2698 1401 2740 versa·

203 2799 306 2863 batur
340 2799 374 2860 in
409 2798 488 2861 aula
522 2797 677 2861 Neronis.
715 2796 776 2859 llla
811 2815 903 2871 vero,
938 2794 1077 2858 Tacitus
1111 2796 1168 2870 ait,
1208 2815 1267 2875 ,eo
1304 2795 1400 2878 plura

202 2927 324 2982 erant.
339 2965 347 2979 .
361 2965 368 2979 .
383 2916 414 2979 .”
438 2915 525 2980 Cur?
550 2914 638 2997 Quia
662 2917 765 2979 etiam
789 2924 862 2977 tum
884 2916 1020 2997 speciem
1043 2915 1210 2978 amicitiae
1229 2914 1399 2978 retinebat.

203 3038 283 3101 Hoc
314 3036 397 3118 quid
430 3033 503 3098 est?
527 3032 704 3115 Quaenam
728 3054 780 3096 res
804 3034 882 3097 huic
906 3034 1077 3096 contraria
1100 3035 1241 3115 cogitari
1266 3032 1401 3116 potest?

203 3156 342 3238 Nempe
363 3154 482 3238 palam
506 3153 635 3216 Neroni
657 3154 840 3216 amicitiam
865 3153 1070 3216 renuntiare.
1097 3151 1173 3214 Hoc
1197 3172 1279 3233 ergo
1302 3154 1329 3214 si
1354 3152 1401 3215 fe·

201 3275 307 3338 cisset
340 3271 494 3347 Senecio,
527 3291 607 3333 num
635 3273 668 3334 in
693 3272 820 3333 minore
842 3269 993 3352 periculo
1018 3269 1147 3332 futurus
1171 3268 1264 3333 erati
1288 3270 1399 3334 Immo

202 3414 298 3467 vem,
319 3393 377 3474 qui
398 3411 441 3453 ex
461 3391 581 3453 intima
600 3390 828 3452 familiaritate
850 3389 995 3451 Neronis
1016 3390 1187 3471 particeps
1206 3390 1244 3453 fit
1261 3390 1400 3453 alicuius

202 3522 326 3577 contra
347 3512 519 3574 Neronem
540 3510 792 3584 coniurationis,
812 3508 889 3571 huic
911 3516 1004 3571 certa
1024 3517 1075 3571 est
1094 3518 1212 3591 parata
1224 3511 1400 3591 pernicies,

202 3633 268 3696 nisi
300 3630 459 3694 omnibus
490 3630 601 3693 modis
632 3631 691 3692 dat
722 3648 862 3710 operam
893 3636 931 3689 ut
962 3628 1090 3689 amicus
1123 3628 1268 3691 Neronis
1292 3629 1399 3691 videri

203 3759 337 3833 pergat.
358 3748 488 3831 Quodsi
510 3750 585 3829 quis
606 3746 842 3831 philosophice
863 3766 934 3808 rem
954 3746 1156 3821 consideret,
1170 3766 1247 3809 cum
1261 3745 1398 3809 Nerone

202 3890 321 3933 veram
361 3869 543 3931 amicitiam
579 3886 652 3929 esse
688 3885 755 3928 non
792 3883 891 3946 posse
927 3865 1028 3939 dicat,
1063 3864 1123 3926 sed
1159 3867 1399 3929 tantummodo

202 3987 373 4050 amicitiae
401 3986 546 4068 speciem,
579 4004 661 4067 ergo
689 3985 752 4047 hac
776 3984 810 4046 in
835 4003 871 4046 re
896 3980 1120 4045 Senecionem
1144 4002 1164 4046 a
1187 3985 1308 4046 ceteris
1332 3977 1411 4047 Ne·'

204 4106 296 4169 ronis
327 4104 547 4168 familiaribus
578 4104 842 4185 haudquaquam
875 4101 1019 4164 differre.
1052 4101 1100 4165 At
1132 4104 1224 4184 quod
1256 4102 1400 4167 Senecio

204 4224 285 4287 facit
309 4223 485 4305 proprium
509 4221 636 4305 aliquid
662 4231 697 4284 et
716 4221 886 4305 peculiare
906 4240 979 4282 esse
999 4221 1114 4283 debet.
1136 4222 1198 4285 Est
1217 4243 1261 4285 ex
1280 4223 1400 4286 intima

204 4341 433 4405 familiaritate
465 4341 621 4417 Neronis,
647 4361 735 4404 nunc
760 4340 805 4402 illi
830 4340 1011 4421 praecipue
1035 4361 1077 4403 eo
1101 4341 1197 4423 plura
1220 4343 1400 4405 imminent
