<?xml version="1.0" encoding="UTF-8"?>
<!DOCTYPE html PUBLIC "-//W3C//DTD XHTML 1.0 Transitional//EN"
    "http://www.w3.org/TR/xhtml1/DTD/xhtml1-transitional.dtd">
<html xmlns="http://www.w3.org/1999/xhtml" xml:lang="en" lang="en">
 <head>
  <title>
</title>
<meta http-equiv="Content-Type" content="text/html;charset=utf-8" />
  <meta name='ocr-system' content='tesseract 3.04.00' />
  <meta name='ocr-capabilities' content='ocr_page ocr_carea ocr_par ocr_line ocrx_word'/>
</head>
<body>
  <div class='ocr_page' id='page_1' title='image "./analectatacitea00hartgoog_0201.png"; bbox 0 0 3292 5280; ppageno 0'>
   <div class='ocr_carea' id='block_1_1' title="bbox 783 419 844 485">
    <p class='ocr_par' dir='ltr' id='par_1_1' title="bbox 783 419 844 485">
     <span class='ocr_line' id='line_1_1' title="bbox 783 419 844 485; baseline 0 0"><span class='ocrx_word' id='word_1_1' title='bbox 783 419 844 485; x_wconf 90' lang='lat'>¹90</span> 
     </span>
    </p>
   </div>
   <div class='ocr_carea' id='block_1_2' title="bbox 164 580 1413 2944">
    <p class='ocr_par' dir='ltr' id='par_1_2' title="bbox 215 580 1413 1262">
     <span class='ocr_line' id='line_1_2' title="bbox 215 580 1407 663; baseline -0.005 -18"><span class='ocrx_word' id='word_1_2' title='bbox 215 583 288 645; x_wconf 83' lang='lat' dir='ltr'>inde</span> <span class='ocrx_word' id='word_1_3' title='bbox 308 581 475 643; x_wconf 86' lang='lat' dir='ltr'>intellexit</span> <span class='ocrx_word' id='word_1_4' title='bbox 496 581 738 662; x_wconf 81' lang='lat' dir='ltr'>ludimagister,</span> <span class='ocrx_word' id='word_1_5' title='bbox 759 601 909 663; x_wconf 91' lang='lat' dir='ltr'>ergoque</span> <span class='ocrx_word' id='word_1_6' title='bbox 930 581 973 643; x_wconf 88' lang='lat' dir='ltr'>ad</span> <span class='ocrx_word' id='word_1_7' title='bbox 994 581 1069 643; x_wconf 83' lang='lat' dir='ltr'>inde</span> <span class='ocrx_word' id='word_1_8' title='bbox 1079 580 1260 643; x_wconf 89' lang='lat' dir='ltr'>annotavit</span> <span class='ocrx_word' id='word_1_9' title='bbox 1272 599 1407 641; x_wconf 82' lang='lat' dir='ltr'>rursus.</span> 
     </span>
     <span class='ocr_line' id='line_1_3' title="bbox 216 699 1407 784; baseline -0.005 -18"><span class='ocrx_word' id='word_1_10' title='bbox 216 704 262 767; x_wconf 92' lang='lat' dir='ltr'>Et</span> <span class='ocrx_word' id='word_1_11' title='bbox 294 723 382 765; x_wconf 92' lang='lat' dir='ltr'>nunc</span> <span class='ocrx_word' id='word_1_12' title='bbox 415 703 447 764; x_wconf 91' lang='lat' dir='ltr'>in</span> <span class='ocrx_word' id='word_1_13' title='bbox 479 710 576 764; x_wconf 89' lang='lat' dir='ltr'>textu</span> <span class='ocrx_word' id='word_1_14' title='bbox 608 702 730 784; x_wconf 92' lang='lat' dir='ltr'>legitur</span> <span class='ocrx_word' id='word_1_15' title='bbox 753 704 828 766; x_wconf 83' lang='lat' dir='ltr'>inde</span> <span class='ocrx_word' id='word_1_16' title='bbox 850 702 964 766; x_wconf 80' lang='lat' dir='ltr'>debilis</span> <span class='ocrx_word' id='word_1_17' title='bbox 988 722 1111 765; x_wconf 86' lang='lat' dir='ltr'>rursus</span> <span class='ocrx_word' id='word_1_18' title='bbox 1132 702 1283 764; x_wconf 82' lang='lat' dir='ltr'>Burrus.</span> <span class='ocrx_word' id='word_1_19' title='bbox 1319 699 1407 762; x_wconf 89' lang='lat' dir='ltr'>Nam</span> 
     </span>
     <span class='ocr_line' id='line_1_4' title="bbox 216 819 1411 902; baseline -0.003 -17"><span class='ocrx_word' id='word_1_20' title='bbox 216 822 362 885; x_wconf 82' lang='lat' dir='ltr'>Acidalii</span> <span class='ocrx_word' id='word_1_21' title='bbox 388 822 483 895; x_wconf 89' lang='lat' dir='ltr'>rati0,</span> <span class='ocrx_word' id='word_1_22' title='bbox 510 843 631 884; x_wconf 84' lang='lat' dir='ltr'>rursus</span> <span class='ocrx_word' id='word_1_23' title='bbox 655 821 810 896; x_wconf 90' lang='lat' dir='ltr'>delentis,</span> <span class='ocrx_word' id='word_1_24' title='bbox 834 841 854 883; x_wconf 89' lang='lat' dir='ltr'>a</span> <span class='ocrx_word' id='word_1_25' title='bbox 879 820 1122 884; x_wconf 90' lang='lat' dir='ltr'>recentioribus</span> <span class='ocrx_word' id='word_1_26' title='bbox 1146 821 1318 902; x_wconf 87' lang='lat' dir='ltr'>spernitur</span> <span class='ocrx_word' id='word_1_27' title='bbox 1342 819 1411 882; x_wconf 91' lang='lat' dir='ltr'>edi·</span> 
     </span>
     <span class='ocr_line' id='line_1_5' title="bbox 215 939 1409 1022; baseline -0.003 -18"><span class='ocrx_word' id='word_1_28' title='bbox 215 942 354 1004; x_wconf 84' lang='lat' dir='ltr'>toribus</span> <span class='ocrx_word' id='word_1_29' title='bbox 389 942 579 1003; x_wconf 90' lang='lat' dir='ltr'>Praeclaras</span> <span class='ocrx_word' id='word_1_30' title='bbox 604 940 757 1021; x_wconf 84' lang='lat' dir='ltr'>profecto</span> <span class='ocrx_word' id='word_1_31' title='bbox 781 940 982 1003; x_wconf 87' lang='lat' dir='ltr'>habebimus</span> <span class='ocrx_word' id='word_1_32' title='bbox 1002 941 1205 1022; x_wconf 91' lang='lat' dir='ltr'>scriptorum</span> <span class='ocrx_word' id='word_1_33' title='bbox 1226 939 1409 1002; x_wconf 87' lang='lat' dir='ltr'>latinorum</span> 
     </span>
     <span class='ocr_line' id='line_1_6' title="bbox 218 1059 1413 1143; baseline -0.003 -19"><span class='ocrx_word' id='word_1_34' title='bbox 218 1061 403 1134; x_wconf 78' lang='lat' dir='ltr'>editioneS,</span> <span class='ocrx_word' id='word_1_35' title='bbox 444 1061 469 1121; x_wconf 92' lang='lat' dir='ltr'>si</span> <span class='ocrx_word' id='word_1_36' title='bbox 506 1061 709 1142; x_wconf 80' lang='lat' dir='ltr'>meptiarum</span> <span class='ocrx_word' id='word_1_37' title='bbox 745 1080 840 1123; x_wconf 91' lang='lat' dir='ltr'>amor</span> <span class='ocrx_word' id='word_1_38' title='bbox 875 1061 939 1123; x_wconf 90' lang='lat' dir='ltr'>iste</span> <span class='ocrx_word' id='word_1_39' title='bbox 973 1060 1131 1143; x_wconf 85' lang='lat' dir='ltr'>pertinax</span> <span class='ocrx_word' id='word_1_40' title='bbox 1166 1059 1413 1140; x_wconf 87' lang='lat' dir='ltr'>aliquantisper</span> 
     </span>
     <span class='ocr_line' id='line_1_7' title="bbox 217 1180 567 1262; baseline -0.006 -20"><span class='ocrx_word' id='word_1_41' title='bbox 217 1180 423 1262; x_wconf 83' lang='lat' dir='ltr'>grassabitur</span> <span class='ocrx_word' id='word_1_42' title='bbox 447 1180 567 1242; x_wconf 86' lang='lat' dir='ltr'>etiam!</span> 
     </span>
    </p>

    <p class='ocr_par' dir='ltr' id='par_1_3' title="bbox 261 1297 1333 1380">
     <span class='ocr_line' id='line_1_8' title="bbox 261 1297 1333 1380; baseline 0.001 -20"><span class='ocrx_word' id='word_1_43' title='bbox 261 1298 305 1361; x_wconf 91' lang='lat' dir='ltr'>A.</span> <span class='ocrx_word' id='word_1_44' title='bbox 333 1299 410 1373; x_wconf 93' lang='lat' dir='ltr'>XII,</span> <span class='ocrx_word' id='word_1_45' title='bbox 436 1299 488 1380; x_wconf 92' lang='lat'>67.</span> <span class='ocrx_word' id='word_1_46' title='bbox 517 1298 686 1378; x_wconf 80' lang='lat' dir='ltr'>,Infusum</span> <span class='ocrx_word' id='word_1_47' title='bbox 711 1298 905 1361; x_wconf 86' lang='lat' dir='ltr'>delectabili</span> <span class='ocrx_word' id='word_1_48' title='bbox 930 1298 960 1361; x_wconf 95' lang='lat' dir='ltr'>ci</span> <span class='ocrx_word' id='word_1_49' title='bbox 985 1299 1102 1361; x_wconf 89' lang='lat' dir='ltr'>boleto</span> <span class='ocrx_word' id='word_1_50' title='bbox 1127 1297 1333 1361; x_wconf 89' lang='lat' dir='ltr'>venenum.”</span> 
     </span>
    </p>

    <p class='ocr_par' dir='ltr' id='par_1_4' title="bbox 164 1418 1413 2101">
     <span class='ocr_line' id='line_1_9' title="bbox 264 1418 1412 1501; baseline 0 -19"><span class='ocrx_word' id='word_1_51' title='bbox 264 1419 372 1483; x_wconf 89' lang='lat' dir='ltr'>Unice</span> <span class='ocrx_word' id='word_1_52' title='bbox 405 1439 484 1480; x_wconf 90' lang='lat' dir='ltr'>vera</span> <span class='ocrx_word' id='word_1_53' title='bbox 517 1419 602 1481; x_wconf 92' lang='lat' dir='ltr'>ratio</span> <span class='ocrx_word' id='word_1_54' title='bbox 626 1427 677 1481; x_wconf 92' lang='lat' dir='ltr'>est</span> <span class='ocrx_word' id='word_1_55' title='bbox 702 1418 818 1482; x_wconf 91' lang='lat' dir='ltr'>Orellii</span> <span class='ocrx_word' id='word_1_56' title='bbox 842 1420 890 1481; x_wconf 93' lang='lat' dir='ltr'>sic</span> <span class='ocrx_word' id='word_1_57' title='bbox 914 1419 1074 1501; x_wconf 91' lang='lat' dir='ltr'>legentis:</span> <span class='ocrx_word' id='word_1_58' title='bbox 1098 1419 1250 1501; x_wconf 86' lang='lat' dir='ltr'>infusum</span> <span class='ocrx_word' id='word_1_59' title='bbox 1276 1419 1412 1482; x_wconf 79' lang='lat' dir='ltr'>delecta·</span> 
     </span>
     <span class='ocr_line' id='line_1_10' title="bbox 164 1537 1409 1620; baseline 0 -18"><span class='ocrx_word' id='word_1_60' title='bbox 164 1587 169 1596; x_wconf 87' lang='lat'><em>.</em></span> <span class='ocrx_word' id='word_1_61' title='bbox 218 1539 278 1602; x_wconf 82' lang='lat' dir='ltr'>bili</span> <span class='ocrx_word' id='word_1_62' title='bbox 307 1538 373 1601; x_wconf 82' lang='lat' dir='ltr'>cibo</span> <span class='ocrx_word' id='word_1_63' title='bbox 403 1559 569 1601; x_wconf 77' lang='lat' dir='ltr'>venenum.</span> <span class='ocrx_word' id='word_1_64' title='bbox 618 1538 706 1600; x_wconf 93' lang='lat' dir='ltr'>Nam</span> <span class='ocrx_word' id='word_1_65' title='bbox 738 1558 814 1601; x_wconf 92' lang='lat' dir='ltr'>cum</span> <span class='ocrx_word' id='word_1_66' title='bbox 846 1537 984 1601; x_wconf 85' lang='lat' dir='ltr'>Tacitus</span> <span class='ocrx_word' id='word_1_67' title='bbox 1013 1538 1123 1620; x_wconf 89' lang='lat' dir='ltr'>ipsum</span> <span class='ocrx_word' id='word_1_68' title='bbox 1154 1538 1252 1603; x_wconf 79' lang='lat' dir='ltr'>boleti</span> <span class='ocrx_word' id='word_1_69' title='bbox 1284 1559 1409 1602; x_wconf 88' lang='lat' dir='ltr'>nomen</span> 
     </span>
     <span class='ocr_line' id='line_1_11' title="bbox 218 1658 1410 1740; baseline 0.003 -21"><span class='ocrx_word' id='word_1_70' title='bbox 218 1659 411 1740; x_wconf 90' lang='lat' dir='ltr'>sprevisset,</span> <span class='ocrx_word' id='word_1_71' title='bbox 444 1666 478 1720; x_wconf 90' lang='lat' dir='ltr'>et</span> <span class='ocrx_word' id='word_1_72' title='bbox 511 1659 679 1738; x_wconf 89' lang='lat' dir='ltr'>exquisita</span> <span class='ocrx_word' id='word_1_73' title='bbox 710 1658 880 1720; x_wconf 88' lang='lat' dir='ltr'>locutione</span> <span class='ocrx_word' id='word_1_74' title='bbox 910 1659 1094 1722; x_wconf 78' lang='lat' dir='ltr'>delectabili</span> <span class='ocrx_word' id='word_1_75' title='bbox 1115 1660 1182 1723; x_wconf 84' lang='lat' dir='ltr'>cibo</span> <span class='ocrx_word' id='word_1_76' title='bbox 1207 1680 1286 1722; x_wconf 90' lang='lat' dir='ltr'>usus</span> <span class='ocrx_word' id='word_1_77' title='bbox 1311 1668 1410 1733; x_wconf 87' lang='lat' dir='ltr'>essct,</span> 
     </span>
     <span class='ocr_line' id='line_1_12' title="bbox 218 1779 1413 1863; baseline 0 -21"><span class='ocrx_word' id='word_1_78' title='bbox 218 1779 300 1842; x_wconf 92' lang='lat' dir='ltr'>illud</span> <span class='ocrx_word' id='word_1_79' title='bbox 325 1800 425 1863; x_wconf 90' lang='lat' dir='ltr'>supra</span> <span class='ocrx_word' id='word_1_80' title='bbox 449 1779 573 1841; x_wconf 90' lang='lat' dir='ltr'>lineam</span> <span class='ocrx_word' id='word_1_81' title='bbox 598 1780 754 1861; x_wconf 90' lang='lat' dir='ltr'>adpinxit</span> <span class='ocrx_word' id='word_1_82' title='bbox 778 1779 910 1843; x_wconf 80' lang='lat' dir='ltr'>sciolus</span> <span class='ocrx_word' id='word_1_83' title='bbox 938 1779 1036 1843; x_wconf 91' lang='lat' dir='ltr'>Nunc</span> <span class='ocrx_word' id='word_1_84' title='bbox 1060 1781 1327 1843; x_wconf 82' lang='lat' dir='ltr'>annotationem</span> <span class='ocrx_word' id='word_1_85' title='bbox 1345 1780 1413 1843; x_wconf 92' lang='lat' dir='ltr'>luc·</span> 
     </span>
     <span class='ocr_line' id='line_1_13' title="bbox 220 1900 1410 1983; baseline 0.002 -21"><span class='ocrx_word' id='word_1_86' title='bbox 220 1909 350 1962; x_wconf 90' lang='lat' dir='ltr'>tantem</span> <span class='ocrx_word' id='word_1_87' title='bbox 383 1900 486 1961; x_wconf 90' lang='lat' dir='ltr'>etiam</span> <span class='ocrx_word' id='word_1_88' title='bbox 517 1901 695 1975; x_wconf 82' lang='lat' dir='ltr'>cernImus,</span> <span class='ocrx_word' id='word_1_89' title='bbox 728 1909 764 1962; x_wconf 91' lang='lat' dir='ltr'>ut</span> <span class='ocrx_word' id='word_1_90' title='bbox 795 1901 829 1963; x_wconf 91' lang='lat' dir='ltr'>in</span> <span class='ocrx_word' id='word_1_91' title='bbox 860 1901 1006 1964; x_wconf 90' lang='lat' dir='ltr'>alienam</span> <span class='ocrx_word' id='word_1_92' title='bbox 1037 1901 1164 1983; x_wconf 90' lang='lat' dir='ltr'>irrepat</span> <span class='ocrx_word' id='word_1_93' title='bbox 1188 1903 1317 1977; x_wconf 90' lang='lat' dir='ltr'>sedem,</span> <span class='ocrx_word' id='word_1_94' title='bbox 1344 1923 1410 1964; x_wconf 90' lang='lat' dir='ltr'>non</span> 
     </span>
     <span class='ocr_line' id='line_1_14' title="bbox 221 2020 950 2101; baseline 0.001 -19"><span class='ocrx_word' id='word_1_95' title='bbox 221 2021 292 2083; x_wconf 89' lang='lat' dir='ltr'>sine</span> <span class='ocrx_word' id='word_1_96' title='bbox 318 2021 387 2082; x_wconf 89' lang='lat' dir='ltr'>veri</span> <span class='ocrx_word' id='word_1_97' title='bbox 412 2020 556 2101; x_wconf 90' lang='lat' dir='ltr'>iustique</span> <span class='ocrx_word' id='word_1_98' title='bbox 582 2021 710 2082; x_wconf 91' lang='lat' dir='ltr'>domini</span> <span class='ocrx_word' id='word_1_99' title='bbox 735 2021 950 2083; x_wconf 80' lang='lat' dir='ltr'>detrimento</span> 
     </span>
    </p>

    <p class='ocr_par' dir='ltr' id='par_1_5' title="bbox 221 2138 1413 2580">
     <span class='ocr_line' id='line_1_15' title="bbox 266 2138 1411 2224; baseline 0.003 -24"><span class='ocrx_word' id='word_1_100' title='bbox 266 2138 310 2200; x_wconf 88' lang='lat' dir='ltr'>A.</span> <span class='ocrx_word' id='word_1_101' title='bbox 337 2138 432 2212; x_wconf 85' lang='lat' dir='ltr'>XIII,</span> <span class='ocrx_word' id='word_1_102' title='bbox 457 2153 506 2218; x_wconf 87' lang='lat'>35.</span> <span class='ocrx_word' id='word_1_103' title='bbox 533 2138 619 2218; x_wconf 80' lang='lat' dir='ltr'>„Sed</span> <span class='ocrx_word' id='word_1_104' title='bbox 641 2138 824 2202; x_wconf 89' lang='lat' dir='ltr'>Corbuloni</span> <span class='ocrx_word' id='word_1_105' title='bbox 847 2140 921 2221; x_wconf 92' lang='lat' dir='ltr'>plus</span> <span class='ocrx_word' id='word_1_106' title='bbox 942 2139 1039 2203; x_wconf 84' lang='lat' dir='ltr'>moIIs</span> <span class='ocrx_word' id='word_1_107' title='bbox 1059 2142 1221 2204; x_wconf 91' lang='lat' dir='ltr'>adversus</span> <span class='ocrx_word' id='word_1_108' title='bbox 1242 2142 1411 2224; x_wconf 89' lang='lat' dir='ltr'>ignaviam</span> 
     </span>
     <span class='ocr_line' id='line_1_16' title="bbox 223 2257 1413 2343; baseline 0.004 -24"><span class='ocrx_word' id='word_1_109' title='bbox 223 2258 365 2320; x_wconf 91' lang='lat' dir='ltr'>militum</span> <span class='ocrx_word' id='word_1_110' title='bbox 391 2278 492 2338; x_wconf 92' lang='lat' dir='ltr'>quam</span> <span class='ocrx_word' id='word_1_111' title='bbox 518 2267 636 2320; x_wconf 90' lang='lat' dir='ltr'>contra</span> <span class='ocrx_word' id='word_1_112' title='bbox 660 2257 837 2339; x_wconf 88' lang='lat' dir='ltr'>perfidiam</span> <span class='ocrx_word' id='word_1_113' title='bbox 862 2258 1009 2321; x_wconf 91' lang='lat' dir='ltr'>hostium</span> <span class='ocrx_word' id='word_1_114' title='bbox 1034 2270 1117 2323; x_wconf 89' lang='lat' dir='ltr'>erat.</span> <span class='ocrx_word' id='word_1_115' title='bbox 1153 2258 1292 2343; x_wconf 84' lang='lat' dir='ltr'>Quippe</span> <span class='ocrx_word' id='word_1_116' title='bbox 1317 2259 1413 2343; x_wconf 89' lang='lat' dir='ltr'>Syria</span> 
     </span>
     <span class='ocr_line' id='line_1_17' title="bbox 221 2377 1411 2462; baseline 0.004 -24"><span class='ocrx_word' id='word_1_117' title='bbox 221 2385 428 2440; x_wconf 89' lang='lat' dir='ltr'>transmotae</span> <span class='ocrx_word' id='word_1_118' title='bbox 460 2377 620 2459; x_wconf 91' lang='lat' dir='ltr'>legiones,</span> <span class='ocrx_word' id='word_1_119' title='bbox 652 2399 736 2460; x_wconf 87' lang='lat' dir='ltr'>pace</span> <span class='ocrx_word' id='word_1_120' title='bbox 760 2379 862 2460; x_wconf 89' lang='lat' dir='ltr'>longa</span> <span class='ocrx_word' id='word_1_121' title='bbox 885 2400 1016 2462; x_wconf 88' lang='lat' dir='ltr'>segnes,</span> <span class='ocrx_word' id='word_1_122' title='bbox 1041 2380 1154 2443; x_wconf 91' lang='lat' dir='ltr'>munia</span> <span class='ocrx_word' id='word_1_123' title='bbox 1180 2381 1411 2445; x_wconf 91' lang='lat' dir='ltr'>Romanorum</span> 
     </span>
     <span class='ocr_line' id='line_1_18' title="bbox 221 2498 656 2580; baseline 0.002 -21"><span class='ocrx_word' id='word_1_124' title='bbox 221 2499 406 2580; x_wconf 87' lang='lat' dir='ltr'>aegerrime</span> <span class='ocrx_word' id='word_1_125' title='bbox 431 2498 656 2561; x_wconf 89' lang='lat' dir='ltr'>tolerabant.”</span> 
     </span>
    </p>

    <p class='ocr_par' dir='ltr' id='par_1_6' title="bbox 220 2617 1411 2944">
     <span class='ocr_line' id='line_1_19' title="bbox 265 2617 1410 2700; baseline 0.004 -20"><span class='ocrx_word' id='word_1_126' title='bbox 265 2617 361 2698; x_wconf 88' lang='lat' dir='ltr'>Quae</span> <span class='ocrx_word' id='word_1_127' title='bbox 394 2618 555 2700; x_wconf 89' lang='lat' dir='ltr'>deinceps</span> <span class='ocrx_word' id='word_1_128' title='bbox 579 2619 738 2700; x_wconf 90' lang='lat' dir='ltr'>legimus:</span> <span class='ocrx_word' id='word_1_129' title='bbox 767 2621 865 2699; x_wconf 79' lang='lat' dir='ltr'>„satis</span> <span class='ocrx_word' id='word_1_130' title='bbox 890 2620 1044 2683; x_wconf 88' lang='lat' dir='ltr'>constitit</span> <span class='ocrx_word' id='word_1_131' title='bbox 1067 2620 1167 2684; x_wconf 84' lang='lat' dir='ltr'>luisse</span> <span class='ocrx_word' id='word_1_132' title='bbox 1192 2622 1226 2684; x_wconf 94' lang='lat' dir='ltr'>in</span> <span class='ocrx_word' id='word_1_133' title='bbox 1252 2643 1293 2685; x_wconf 90' lang='lat' dir='ltr'>eo</span> <span class='ocrx_word' id='word_1_134' title='bbox 1319 2642 1410 2685; x_wconf 88' lang='lat' dir='ltr'>exer·</span> 
     </span>
     <span class='ocr_line' id='line_1_20' title="bbox 221 2738 1409 2824; baseline 0.004 -24"><span class='ocrx_word' id='word_1_135' title='bbox 221 2739 289 2800; x_wconf 91' lang='lat' dir='ltr'>citu</span> <span class='ocrx_word' id='word_1_136' title='bbox 315 2746 503 2810; x_wconf 89' lang='lat' dir='ltr'>veteranos,</span> <span class='ocrx_word' id='word_1_137' title='bbox 528 2738 586 2818; x_wconf 95' lang='lat' dir='ltr'>qui</span> <span class='ocrx_word' id='word_1_138' title='bbox 612 2758 678 2799; x_wconf 91' lang='lat' dir='ltr'>non</span> <span class='ocrx_word' id='word_1_139' title='bbox 704 2738 897 2814; x_wconf 87' lang='lat' dir='ltr'>stationem,</span> <span class='ocrx_word' id='word_1_140' title='bbox 922 2759 990 2801; x_wconf 92' lang='lat' dir='ltr'>non</span> <span class='ocrx_word' id='word_1_141' title='bbox 1014 2739 1145 2821; x_wconf 89' lang='lat' dir='ltr'>vigilias</span> <span class='ocrx_word' id='word_1_142' title='bbox 1169 2741 1313 2805; x_wconf 89' lang='lat' dir='ltr'>inissent</span> <span class='ocrx_word' id='word_1_143' title='bbox 1337 2763 1365 2805; x_wconf 90' lang='lat' dir='ltr'>e.</span> <span class='ocrx_word' id='word_1_144' title='bbox 1378 2763 1409 2824; x_wconf 89' lang='lat' dir='ltr'>q.</span> 
     </span>
     <span class='ocr_line' id='line_1_21' title="bbox 220 2856 1411 2944; baseline 0.004 -25"><span class='ocrx_word' id='word_1_145' title='bbox 220 2856 268 2919; x_wconf 91' lang='lat' dir='ltr'>s.”</span> <span class='ocrx_word' id='word_1_146' title='bbox 301 2866 423 2919; x_wconf 90' lang='lat' dir='ltr'>cuncta</span> <span class='ocrx_word' id='word_1_147' title='bbox 454 2869 568 2920; x_wconf 86' lang='lat' dir='ltr'>castra</span> <span class='ocrx_word' id='word_1_148' title='bbox 599 2866 765 2938; x_wconf 89' lang='lat' dir='ltr'>spectant.</span> <span class='ocrx_word' id='word_1_149' title='bbox 813 2857 879 2922; x_wconf 88' lang='lat' dir='ltr'>Sed</span> <span class='ocrx_word' id='word_1_150' title='bbox 912 2858 1069 2934; x_wconf 90' lang='lat' dir='ltr'>lectione,</span> <span class='ocrx_word' id='word_1_151' title='bbox 1101 2880 1204 2941; x_wconf 89' lang='lat' dir='ltr'>quam</span> <span class='ocrx_word' id='word_1_152' title='bbox 1237 2863 1411 2944; x_wconf 90' lang='lat' dir='ltr'>proposuit</span> 
     </span>
    </p>
   </div>
   <div class='ocr_carea' id='block_1_3' title="bbox 223 2977 1412 3422">
    <p class='ocr_par' dir='ltr' id='par_1_7' title="bbox 223 2977 1412 3422">
     <span class='ocr_line' id='line_1_22' title="bbox 225 2977 1412 3062; baseline 0.003 -22"><span class='ocrx_word' id='word_1_153' title='bbox 225 2977 463 3059; x_wconf 79' lang='lat' dir='ltr'>NipperdeiuS,</span> <span class='ocrx_word' id='word_1_154' title='bbox 492 2978 605 3039; x_wconf 81' lang='lat' dir='ltr'>munia</span> <span class='ocrx_word' id='word_1_155' title='bbox 629 2989 817 3040; x_wconf 85' lang='lat' dir='ltr'>castrorum</span> <span class='ocrx_word' id='word_1_156' title='bbox 842 2979 1066 3042; x_wconf 87' lang='lat' dir='ltr'>Romanorum</span> <span class='ocrx_word' id='word_1_157' title='bbox 1091 2999 1202 3062; x_wconf 86' lang='lat' dir='ltr'>neque</span> <span class='ocrx_word' id='word_1_158' title='bbox 1227 2983 1412 3044; x_wconf 89' lang='lat' dir='ltr'>restituitur</span> 
     </span>
     <span class='ocr_line' id='line_1_23' title="bbox 223 3097 1411 3184; baseline 0.004 -25"><span class='ocrx_word' id='word_1_159' title='bbox 223 3097 333 3159; x_wconf 86' lang='lat' dir='ltr'>Taciti</span> <span class='ocrx_word' id='word_1_160' title='bbox 354 3117 473 3158; x_wconf 90' lang='lat' dir='ltr'>manus</span> <span class='ocrx_word' id='word_1_161' title='bbox 493 3097 619 3178; x_wconf 84' lang='lat' dir='ltr'>(inepte</span> <span class='ocrx_word' id='word_1_162' title='bbox 641 3099 729 3159; x_wconf 90' lang='lat' dir='ltr'>enim</span> <span class='ocrx_word' id='word_1_163' title='bbox 751 3098 840 3160; x_wconf 90' lang='lat' dir='ltr'>istud</span> <span class='ocrx_word' id='word_1_164' title='bbox 861 3099 1085 3162; x_wconf 81' lang='lat' dir='ltr'>Romanorum</span> <span class='ocrx_word' id='word_1_165' title='bbox 1106 3100 1283 3183; x_wconf 84' lang='lat' dir='ltr'>abundat),</span> <span class='ocrx_word' id='word_1_166' title='bbox 1306 3123 1411 3184; x_wconf 88' lang='lat' dir='ltr'>neque</span> 
     </span>
     <span class='ocr_line' id='line_1_24' title="bbox 224 3215 1412 3302; baseline 0.006 -25"><span class='ocrx_word' id='word_1_167' title='bbox 224 3215 342 3298; x_wconf 86' lang='lat' dir='ltr'>patefit</span> <span class='ocrx_word' id='word_1_168' title='bbox 379 3217 492 3278; x_wconf 91' lang='lat' dir='ltr'>mendi</span> <span class='ocrx_word' id='word_1_169' title='bbox 529 3216 634 3297; x_wconf 91' lang='lat' dir='ltr'>origo.</span> <span class='ocrx_word' id='word_1_170' title='bbox 683 3216 853 3297; x_wconf 90' lang='lat' dir='ltr'>Equidem</span> <span class='ocrx_word' id='word_1_171' title='bbox 889 3217 1045 3281; x_wconf 92' lang='lat' dir='ltr'>Tacitum</span> <span class='ocrx_word' id='word_1_172' title='bbox 1081 3220 1255 3302; x_wconf 82' lang='lat' dir='ltr'>scrIpsisse</span> <span class='ocrx_word' id='word_1_173' title='bbox 1292 3242 1412 3284; x_wconf 89' lang='lat' dir='ltr'>censeo</span> 
     </span>
     <span class='ocr_line' id='line_1_25' title="bbox 226 3335 1412 3422; baseline 0.007 -26"><span class='ocrx_word' id='word_1_174' title='bbox 226 3335 338 3397; x_wconf 84' lang='lat' dir='ltr'>munia</span> <span class='ocrx_word' id='word_1_175' title='bbox 361 3346 560 3407; x_wconf 80' lang='lat' dir='ltr'>castrorum,</span> <span class='ocrx_word' id='word_1_176' title='bbox 581 3335 797 3416; x_wconf 89' lang='lat' dir='ltr'>adscripsisse</span> <span class='ocrx_word' id='word_1_177' title='bbox 818 3345 932 3399; x_wconf 91' lang='lat' dir='ltr'>autem</span> <span class='ocrx_word' id='word_1_178' title='bbox 952 3338 1103 3412; x_wconf 90' lang='lat' dir='ltr'>sciolum,</span> <span class='ocrx_word' id='word_1_179' title='bbox 1124 3340 1182 3420; x_wconf 93' lang='lat' dir='ltr'>qui</span> <span class='ocrx_word' id='word_1_180' title='bbox 1204 3349 1340 3422; x_wconf 92' lang='lat' dir='ltr'>putaret</span> <span class='ocrx_word' id='word_1_181' title='bbox 1361 3341 1412 3404; x_wconf 92' lang='lat' dir='ltr'>hic</span> 
     </span>
    </p>
   </div>
   <div class='ocr_carea' id='block_1_4' title="bbox 224 3452 1411 3659">
    <p class='ocr_par' dir='ltr' id='par_1_8' title="bbox 224 3452 1411 3659">
     <span class='ocr_line' id='line_1_26' title="bbox 225 3452 1411 3542; baseline 0.006 -26"><span class='ocrx_word' id='word_1_182' title='bbox 225 3452 329 3534; x_wconf 87' lang='lat' dir='ltr'>Syros</span> <span class='ocrx_word' id='word_1_183' title='bbox 365 3461 399 3515; x_wconf 90' lang='lat' dir='ltr'>et</span> <span class='ocrx_word' id='word_1_184' title='bbox 436 3453 609 3515; x_wconf 91' lang='lat' dir='ltr'>Romanos</span> <span class='ocrx_word' id='word_1_185' title='bbox 644 3454 732 3515; x_wconf 91' lang='lat' dir='ltr'>inter</span> <span class='ocrx_word' id='word_1_186' title='bbox 762 3474 798 3517; x_wconf 88' lang='lat' dir='ltr'>se</span> <span class='ocrx_word' id='word_1_187' title='bbox 830 3456 970 3537; x_wconf 92' lang='lat' dir='ltr'>opponi,</span> <span class='ocrx_word' id='word_1_188' title='bbox 1001 3458 1238 3534; x_wconf 84' lang='lat' dir='ltr'>Romanorum,</span> <span class='ocrx_word' id='word_1_189' title='bbox 1270 3479 1411 3542; x_wconf 86' lang='lat' dir='ltr'>eamque</span> 
     </span>
     <span class='ocr_line' id='line_1_27' title="bbox 224 3574 1411 3659; baseline 0.008 -24"><span class='ocrx_word' id='word_1_190' title='bbox 224 3574 480 3636; x_wconf 88' lang='lat' dir='ltr'>annotationem</span> <span class='ocrx_word' id='word_1_191' title='bbox 501 3575 548 3635; x_wconf 91' lang='lat' dir='ltr'>sic</span> <span class='ocrx_word' id='word_1_192' title='bbox 570 3575 602 3635; x_wconf 92' lang='lat' dir='ltr'>in</span> <span class='ocrx_word' id='word_1_193' title='bbox 624 3582 756 3636; x_wconf 90' lang='lat' dir='ltr'>textum</span> <span class='ocrx_word' id='word_1_194' title='bbox 777 3575 948 3656; x_wconf 90' lang='lat' dir='ltr'>irrepsisse</span> <span class='ocrx_word' id='word_1_195' title='bbox 965 3584 1001 3638; x_wconf 94' lang='lat' dir='ltr'>ut</span> <span class='ocrx_word' id='word_1_196' title='bbox 1013 3579 1196 3659; x_wconf 91' lang='lat' dir='ltr'>genuinum</span> <span class='ocrx_word' id='word_1_197' title='bbox 1211 3581 1411 3644; x_wconf 89' lang='lat' dir='ltr'>vocabulum</span> 
     </span>
    </p>
   </div>
   <div class='ocr_carea' id='block_1_5' title="bbox 225 3693 1414 4496">
    <p class='ocr_par' dir='ltr' id='par_1_9' title="bbox 225 3693 599 3756">
     <span class='ocr_line' id='line_1_28' title="bbox 225 3693 599 3756; baseline -0.005 -1"><span class='ocrx_word' id='word_1_198' title='bbox 225 3704 412 3756; x_wconf 82' lang='lat' dir='ltr'>castrorum</span> <span class='ocrx_word' id='word_1_199' title='bbox 438 3693 599 3755; x_wconf 85' lang='lat' dir='ltr'>iuteriret.</span> 
     </span>
    </p>

    <p class='ocr_par' dir='ltr' id='par_1_10' title="bbox 229 3803 1413 4251">
     <span class='ocr_line' id='line_1_29' title="bbox 270 3803 1411 3900; baseline 0.008 -27"><span class='ocrx_word' id='word_1_200' title='bbox 270 3803 382 3874; x_wconf 67' lang='lat' dir='ltr'>liudis</span> <span class='ocrx_word' id='word_1_201' title='bbox 402 3812 504 3874; x_wconf 89' lang='lat' dir='ltr'>etiam</span> <span class='ocrx_word' id='word_1_202' title='bbox 526 3811 704 3893; x_wconf 90' lang='lat' dir='ltr'>magistelli</span> <span class='ocrx_word' id='word_1_203' title='bbox 727 3830 846 3874; x_wconf 89' lang='lat' dir='ltr'>vocem</span> <span class='ocrx_word' id='word_1_204' title='bbox 866 3812 1042 3876; x_wconf 90' lang='lat' dir='ltr'>stridulam</span> <span class='ocrx_word' id='word_1_205' title='bbox 1063 3815 1096 3877; x_wconf 93' lang='lat' dir='ltr'>in</span> <span class='ocrx_word' id='word_1_206' title='bbox 1114 3815 1206 3879; x_wconf 88' lang='lat' dir='ltr'>hisce</span> <span class='ocrx_word' id='word_1_207' title='bbox 1219 3818 1329 3898; x_wconf 91' lang='lat' dir='ltr'>(XIV,</span> <span class='ocrx_word' id='word_1_208' title='bbox 1346 3820 1411 3900; x_wconf 83' lang='lat' dir='ltr'>5r):</span> 
     </span>
     <span class='ocr_line' id='line_1_30' title="bbox 229 3930 1412 4016; baseline 0.008 -24"><span class='ocrx_word' id='word_1_209' title='bbox 229 3931 414 4012; x_wconf 78' lang='lat' dir='ltr'>(praecedit</span> <span class='ocrx_word' id='word_1_210' title='bbox 434 3931 581 3992; x_wconf 89' lang='lat' dir='ltr'>narratio</span> <span class='ocrx_word' id='word_1_211' title='bbox 602 3931 644 3992; x_wconf 94' lang='lat' dir='ltr'>de</span> <span class='ocrx_word' id='word_1_212' title='bbox 663 3930 756 3992; x_wconf 91' lang='lat' dir='ltr'>Burri</span> <span class='ocrx_word' id='word_1_213' title='bbox 770 3932 891 4012; x_wconf 90' lang='lat' dir='ltr'>morte)</span> <span class='ocrx_word' id='word_1_214' title='bbox 909 3932 1056 4010; x_wconf 80' lang='lat' dir='ltr'>„civitati</span> <span class='ocrx_word' id='word_1_215' title='bbox 1069 3935 1198 4016; x_wconf 88' lang='lat' dir='ltr'>grande</span> <span class='ocrx_word' id='word_1_216' title='bbox 1211 3937 1412 4001; x_wconf 93' lang='lat' dir='ltr'>desiderium</span> 
     </span>
     <span class='ocr_line' id='line_1_31' title="bbox 229 4050 1413 4136; baseline 0.007 -23"><span class='ocrx_word' id='word_1_217' title='bbox 229 4053 301 4113; x_wconf 91' lang='lat' dir='ltr'>eius</span> <span class='ocrx_word' id='word_1_218' title='bbox 322 4052 444 4113; x_wconf 93' lang='lat' dir='ltr'>mansit</span> <span class='ocrx_word' id='word_1_219' title='bbox 465 4071 525 4132; x_wconf 91' lang='lat' dir='ltr'>per</span> <span class='ocrx_word' id='word_1_220' title='bbox 547 4050 742 4112; x_wconf 91' lang='lat' dir='ltr'>memoriam</span> <span class='ocrx_word' id='word_1_221' title='bbox 765 4050 897 4113; x_wconf 90' lang='lat' dir='ltr'>virtutis</span> <span class='ocrx_word' id='word_1_222' title='bbox 909 4059 944 4113; x_wconf 91' lang='lat' dir='ltr'>et</span> <span class='ocrx_word' id='word_1_223' title='bbox 957 4051 1093 4116; x_wconf 90' lang='lat' dir='ltr'>alterius</span> <span class='ocrx_word' id='word_1_224' title='bbox 1105 4073 1245 4136; x_wconf 89' lang='lat' dir='ltr'>segnem</span> <span class='ocrx_word' id='word_1_225' title='bbox 1258 4057 1413 4121; x_wconf 90' lang='lat' dir='ltr'>innocen·</span> 
     </span>
     <span class='ocr_line' id='line_1_32' title="bbox 230 4167 1140 4251; baseline 0.001 -18"><span class='ocrx_word' id='word_1_226' title='bbox 230 4172 323 4244; x_wconf 91' lang='lat' dir='ltr'>tiam,</span> <span class='ocrx_word' id='word_1_227' title='bbox 348 4171 484 4233; x_wconf 91' lang='lat' dir='ltr'>alterius</span> <span class='ocrx_word' id='word_1_228' title='bbox 508 4169 766 4251; x_wconf 84' lang='lat' dir='ltr'>flagrantissima</span> <span class='ocrx_word' id='word_1_229' title='bbox 791 4167 917 4250; x_wconf 84' lang='lat' dir='ltr'>flagitia</span> <span class='ocrx_word' id='word_1_230' title='bbox 940 4170 1140 4234; x_wconf 88' lang='lat' dir='ltr'>adulteria.”</span> 
     </span>
    </p>

    <p class='ocr_par' dir='ltr' id='par_1_11' title="bbox 230 4288 1414 4496">
     <span class='ocr_line' id='line_1_33' title="bbox 275 4288 1414 4370; baseline 0.004 -18"><span class='ocrx_word' id='word_1_231' title='bbox 275 4291 339 4352; x_wconf 91' lang='lat' dir='ltr'>Hic</span> <span class='ocrx_word' id='word_1_232' title='bbox 363 4299 477 4352; x_wconf 91' lang='lat' dir='ltr'>tamen</span> <span class='ocrx_word' id='word_1_233' title='bbox 504 4290 651 4351; x_wconf 88' lang='lat' dir='ltr'>editores</span> <span class='ocrx_word' id='word_1_234' title='bbox 674 4289 914 4370; x_wconf 92' lang='lat' dir='ltr'>obtemperant</span> <span class='ocrx_word' id='word_1_235' title='bbox 937 4288 1064 4353; x_wconf 92' lang='lat' dir='ltr'>Orellio</span> <span class='ocrx_word' id='word_1_236' title='bbox 1087 4292 1257 4357; x_wconf 80' lang='lat' dir='ltr'>adulteria</span> <span class='ocrx_word' id='word_1_237' title='bbox 1281 4294 1414 4368; x_wconf 89' lang='lat' dir='ltr'>delenti,</span> 
     </span>
     <span class='ocr_line' id='line_1_34' title="bbox 230 4407 1412 4496; baseline 0.003 -25"><span class='ocrx_word' id='word_1_238' title='bbox 230 4429 298 4489; x_wconf 92' lang='lat' dir='ltr'>quo</span> <span class='ocrx_word' id='word_1_239' title='bbox 323 4408 488 4470; x_wconf 89' lang='lat' dir='ltr'>vocabulo</span> <span class='ocrx_word' id='word_1_240' title='bbox 513 4417 604 4469; x_wconf 90' lang='lat' dir='ltr'>recte</span> <span class='ocrx_word' id='word_1_241' title='bbox 629 4407 766 4488; x_wconf 89' lang='lat' dir='ltr'>quidem</span> <span class='ocrx_word' id='word_1_242' title='bbox 791 4407 873 4487; x_wconf 93' lang='lat' dir='ltr'>quid</span> <span class='ocrx_word' id='word_1_243' title='bbox 897 4409 961 4470; x_wconf 90' lang='lat' dir='ltr'>sibi</span> <span class='ocrx_word' id='word_1_244' title='bbox 985 4409 1066 4472; x_wconf 95' lang='lat' dir='ltr'>illud</span> <span class='ocrx_word' id='word_1_245' title='bbox 1080 4412 1223 4496; x_wconf 74' lang='lat' dir='ltr'>flagitia</span> <span class='ocrx_word' id='word_1_246' title='bbox 1244 4415 1325 4477; x_wconf 90' lang='lat' dir='ltr'>velit</span> <span class='ocrx_word' id='word_1_247' title='bbox 1346 4414 1412 4477; x_wconf 93' lang='lat' dir='ltr'>illu·</span> 
     </span>
    </p>
   </div>
   <div class='ocr_carea' id='block_1_6' title="bbox 0 0 1659 5280">
    <p class='ocr_par' dir='ltr' id='par_1_12' title="bbox 0 0 1659 5280">
     <span class='ocr_line' id='line_1_35' title="bbox 0 0 1659 5280; baseline 0 0"><span class='ocrx_word' id='word_1_248' title='bbox 0 0 1659 5280; x_wconf 95' lang='lat' dir='ltr'> </span> 
     </span>
    </p>
   </div>
  </div>
 </body>
</html>
