3292 5280
796 398 839 464 74

271 562 358 644 ,Sed
383 563 503 645 vulgus
527 600 569 608 —
594 563 718 625 sentire
743 563 904 645 paulatim
930 562 1008 625 belli
1032 562 1121 624 mala
1144 599 1188 607 -
1214 583 1307 644 quae
1327 572 1413 626 motu

225 683 380 746 Vindicis
411 682 502 745 haud
531 683 671 764 perinde
700 682 835 764 plebem
859 682 1070 756 attriverant,
1094 702 1214 745 secura
1239 692 1314 746 tum
1339 685 1414 746 urbe

222 811 256 865 et
281 802 479 885 provinciali
505 801 605 876 bello,
630 803 721 883 quod
747 802 835 864 inter
858 801 1008 882 legiones
1031 800 1228 883 Galliasque
1249 803 1346 866 velut
1364 823 1414 865 ex·

223 933 356 985 ternum
391 922 462 984 fuit.
496 922 584 984 Nam
617 942 661 983 ex
703 942 770 1002 quo
803 921 911 983 Divus
943 920 1196 1002 Augustus
1223 922 1415 1004 (sequuntur

222 1044 391 1123 quaedam
416 1041 458 1103 de
483 1061 592 1103 rerum
617 1049 707 1103 statu
732 1040 977 1123 imperantibus
999 1039 1158 1121 Augusto
1179 1040 1322 1104 Tiberio
1341 1041 1415 1105 Caio

226 1161 367 1225 Claudio
400 1160 546 1234 Nerone,
581 1160 692 1241 deque
725 1159 872 1222 Neronis
902 1159 995 1242 fine).
1022 1159 1112 1222 Tum
1140 1160 1197 1242 (sc.
1224 1160 1365 1224 Othone
1386 1170 1415 1224 et

226 1280 366 1343 Vitellio
392 1280 434 1342 de
459 1281 601 1361 imperio
627 1278 847 1361 certantibus)
871 1279 1022 1362 legiones
1046 1299 1074 1341 e.
1100 1300 1133 1361 q.
1157 1278 1219 1343 s.’‘.

270 1399 325 1462 Sic
347 1419 427 1480 ergo
449 1398 668 1461 ratiocinatur
687 1397 841 1460 Tacitus:
867 1406 957 1477 ,tum
977 1398 1115 1461 demum
1137 1399 1208 1462 veri
1230 1400 1314 1463 belli
1335 1400 1414 1463 mala

225 1518 371 1600 populus
405 1519 520 1592 sensit,
556 1538 643 1599 quae
679 1517 840 1598 quamdiu
877 1518 910 1579 in
942 1516 1052 1580 Gallia
1083 1528 1203 1581 contra
1236 1518 1414 1583 Vindicem

225 1637 448 1720 pugnabatur,
473 1638 515 1699 ad
542 1637 659 1700 urbem
685 1657 789 1718 usque
811 1658 879 1699 non
900 1646 1176 1719 penetraverant;
1199 1640 1245 1701 de
1265 1647 1415 1722 tempore

226 1760 318 1838 quod
343 1757 404 1820 fuit
428 1758 507 1819 inde
531 1757 575 1820 ab
600 1758 696 1820 initio
720 1757 917 1839 Augusteae
941 1757 1063 1820 aetatis
1084 1759 1255 1839 usquead
1279 1759 1418 1822 Neronis

227 1878 328 1940 finem
353 1879 459 1941 taceri
480 1877 533 1940 hic
550 1889 674 1960 potest:
700 1876 827 1939 nullum
853 1876 944 1939 enim
968 1885 1039 1939 tum
1064 1876 1191 1939 bellum
1219 1876 1317 1940 fuit“.

273 1997 386 2061 Unum
419 1997 520 2058 animi
554 2016 654 2058 causa
683 1995 794 2058 locum
820 1996 919 2071 addo,
946 1996 1002 2058 ubi
1027 1997 1162 2078 egregie
1187 1998 1418 2080 perspicuitati

226 2117 417 2179 consultum
449 2115 575 2191 fuisset,
606 2117 632 2178 si
666 2116 916 2198 praeteritionis
946 2135 1046 2178 causa
1073 2116 1195 2179 eadem
1225 2137 1306 2180 usus
1337 2126 1420 2180 esset

227 2237 467 2299 coniunctione
502 2237 651 2310 Tacitus
687 2236 746 2299 sed
782 2236 840 2317 qui
876 2256 964 2298 nunc
995 2236 1077 2299 satis
1108 2237 1273 2299 obscurus
1306 2238 1419 2312 evasit,

227 2375 302 2417 cum
328 2356 425 2417 aliter
448 2357 491 2418 sit
516 2355 763 2430 conformatus;
788 2354 880 2417 Ann.
906 2355 966 2429 III,
991 2355 1051 2433 64:

274 2475 444 2557 ,(propter
475 2475 593 2537 Liviae
625 2474 858 2555 valitudinem)
886 2473 1051 2556 supplicia
1075 2473 1214 2557 ludique
1239 2477 1356 2559 magni
1378 2476 1419 2538 ab

226 2602 344 2656 senatu
377 2595 614 2667 decernuntur,
646 2614 731 2674 quos
762 2593 941 2675 pontifices
972 2601 1006 2655 et
1038 2613 1182 2674 augures
1212 2602 1249 2657 et
1280 2595 1419 2676 quinde-

228 2713 357 2775 cimviri
384 2712 598 2795 septemviris
621 2713 718 2775 simul
744 2721 778 2775 et
801 2712 974 2775 sodalibus
998 2712 1246 2794 Augustalibus
1269 2715 1419 2776 ederent.

226 2834 410 2897 Censuerat
434 2835 474 2897 L.
501 2833 683 2915 Apronius,
708 2843 746 2896 ut
770 2831 900 2897 fetiales
924 2853 1061 2915 quoque
1084 2833 1124 2896 iis
1143 2833 1232 2896 ludis
1253 2835 1419 2917 praeside

226 2964 310 3017 rent.
339 2954 555 3018 Contradixit
583 2953 715 3028 Caesar,
740 2954 901 3017 distincto
925 2953 1193 3016 sacerdotiorum
1218 2955 1291 3016 iure
1316 2963 1352 3016 et
1374 2974 1420 3016 re·

228 3076 342 3157 petitis
363 3074 545 3156 exemplis:
568 3093 677 3154 neque
699 3074 789 3135 enim
807 3092 956 3153 unquam
973 3072 1142 3135 fetialibus
1155 3071 1222 3135 hoc
1236 3073 1420 3135 maiestatis

228 3193 337 3256 fuisse.
372 3195 454 3256 Ideo
482 3193 688 3275 Augustales
712 3194 874 3267 adiectos,
902 3193 981 3274 quia
1005 3193 1179 3274 proprium
1204 3193 1277 3255 eius
1302 3194 1420 3255 domus

226 3315 453 3375 sacerdotium
479 3321 577 3386 esset,
604 3333 664 3393 pro
689 3332 755 3393 qua
779 3319 860 3373 vota
885 3309 1189 3393 persolverentur”.

272 3430 441 3513 Quoniam
452 3431 607 3494 Tiberius
620 3432 667 3493 sic
680 3431 872 3512 Apronium
887 3430 1023 3493 refutat:
1041 3429 1128 3509 „noli
1140 3428 1205 3493 hoc
1219 3440 1420 3512 argumento

227 3553 274 3614 uti
296 3553 388 3633 quod
409 3562 443 3614 et
463 3551 669 3632 Augustales
688 3551 742 3613 hic
762 3571 781 3612 a
802 3571 855 3612 me
876 3550 1000 3612 adiecti
1021 3550 1089 3612 sint
1108 3551 1249 3612 summis
1266 3551 1420 3614 sacerdo

226 3674 333 3735 tibus:
368 3673 431 3733 hoc
463 3679 514 3733 est
546 3672 774 3733 sacerdotium
807 3670 979 3752 proprium
1011 3669 1082 3732 eius
1110 3668 1242 3744 domus,
1269 3691 1333 3752 pro
1356 3690 1420 3753 qua

227 3801 307 3853 vota
344 3790 612 3873 persolvuntur”,
649 3791 756 3853 multo
789 3791 907 3852 melius
939 3809 1015 3852 eum
1048 3788 1284 3871 intelligerem,
1317 3791 1345 3852 si
1376 3790 1421 3851 sic

227 3913 365 3975 Tacitus
390 3912 594 3993 scripsisset:
619 3932 695 3973 nam
719 3911 919 3993 Augustales
943 3911 1012 3974 ideo
1035 3910 1176 3973 adrectos
1200 3930 1229 3972 e.
1255 3930 1288 3991 q.
1314 3930 1341 3972 s.
1358 3907 1389 3990 ¹).

232 4069 444 4077 ———

266 4146 291 4210 ι)
311 4146 514 4210 Praeteritiouis,
539 4162 605 4210 quae
631 4146 815 4194 coniunctione
841 4162 902 4192 nam
922 4145 959 4209 fit,
978 4145 1077 4194 nullum
1098 4152 1136 4193 est
1156 4144 1227 4209 apud
1247 4145 1369 4194 Tacitum
1387 4144 1424 4192 lu·

227 4233 355 4281 culentius
375 4233 522 4296 exemplum
543 4248 620 4296 quam
640 4232 709 4296 quod
730 4232 806 4295 xlll,
829 4243 861 4294 37
880 4231 988 4294 legitur:
1008 4231 1139 4294 „Corbulo
1216 4231 1340 4295 dispertit
1350 4231 1427 4294 vires,

227 4328 254 4367 ut
273 4319 351 4381 legati
372 4319 550 4383 praefectique
569 4319 685 4367 diversos
705 4319 776 4366 locos
796 4319 892 4381 pariter
911 4317 1065 4366 invaderent
1084 4316 1133 4382 (sc.
1154 4317 1327 4383 Armeniam).
1345 4315 1424 4367 Simul

225 4420 311 4467 regem
332 4405 489 4453 Antiochum
509 4414 597 4453 monet
616 4405 746 4468 proximas
765 4405 816 4452 sibi
836 4403 1009 4468 praefecturas
1030 4412 1126 4469 petere.
1147 4403 1214 4452 Nam
1233 4403 1424 4453 Pharasmanes
