3292 5280
789 399 848 466 25¹

223 563 340 638 tavit”,
385 563 529 645 ,vidit”‚
566 565 734 648 ,sensit”).
775 567 946 648 Equidem
979 566 1178 649 particulam
1208 587 1277 647 que,
1311 563 1416 626 verbo

222 684 315 765 quod
340 692 392 746 est
414 685 506 749 misit
524 685 777 762 adhaerentem,
800 686 984 749 deleverim
1005 696 1039 749 et
1060 695 1137 768 post
1149 685 1417 767 intellegerentur

223 804 420 868 inseruerim
444 817 540 869 rata:
566 806 614 869 sic
641 806 778 868 demum
803 826 913 869 sermo
938 805 1097 868 Taciteus
1121 804 1251 868 restitui
1272 803 1416 864 videtur.

269 1041 313 1105 A.
347 1042 443 1118 XIV,
475 1063 507 1126 9.
539 1045 573 1107 A
605 1044 868 1126 percussoribus
893 1064 979 1126 quos
1002 1044 1095 1106 Nero
1118 1042 1268 1115 immisit,
1293 1039 1417 1122 Agrip·

224 1163 304 1245 pina
327 1164 510 1228 occiditur:

273 1282 450 1362 ,Cremata
473 1292 525 1347 est
548 1293 649 1347 nocte
670 1285 799 1362 eadem,
822 1284 990 1349 convivali
1011 1283 1100 1347 lecto
1118 1291 1153 1345 et
1173 1281 1325 1362 exequiis
1345 1280 1417 1343 vili·

224 1402 287 1466 bus
295 1430 304 1479 ;
331 1423 451 1484 neque,
470 1404 552 1466 dum
577 1404 670 1467 Nero
691 1425 801 1468 rerum
823 1405 1029 1487 potiebatur,
1050 1411 1213 1485 congesta
1232 1411 1291 1464 aut
1304 1401 1416 1464 clausa

224 1523 357 1587 humus.
395 1523 478 1587 Mox
513 1526 778 1588 domesticorum
814 1545 893 1588 cura
927 1525 1038 1588 levem
1074 1522 1241 1586 tumulum
1273 1521 1416 1603 accepit,

224 1643 317 1706 viam
339 1642 461 1705 Miseni
486 1652 626 1726 propter
649 1653 684 1707 et
708 1645 822 1707 villam
847 1644 1000 1709 Caesaris
1024 1639 1231 1707 dictatoriS.”

269 1763 327 1827 Ad
356 1764 438 1827 illud
470 1766 560 1850 viam
588 1765 714 1829 Miseni
739 1777 882 1849 propter
902 1766 962 1828 viri
988 1764 1080 1827 docti
1105 1769 1289 1826 annotant:
1314 1762 1417 1825 litora

226 1880 405 1946 Calabriae
424 1895 540 1947 contra
560 1885 633 1966 (111,
655 1885 681 1965 Ι)
703 1893 738 1946 et
754 1883 934 1947 cubiculum
950 1882 1106 1948 Caesaris
1118 1883 1214 1944 iuxta
1227 1880 1335 1963 (XIII,
1356 1881 1416 1960 15),

223 2000 283 2063 sed
302 2002 393 2065 viam
408 2002 532 2066 Miseni
550 2023 618 2066 non
631 2023 704 2066 esse
718 2003 812 2066 nihili
825 2003 1032 2066 locutionem
1046 2003 1169 2065 docere
1183 2000 1416 2081 neglexerunt.

225 2120 397 2201 Equidem
421 2129 536 2184 autem
566 2123 648 2185 illud
680 2143 749 2185 non
779 2142 968 2205 concoquo,
1000 2123 1059 2184 sed
1091 2118 1262 2184 lenissima
1287 2139 1417 2201 repono

224 2241 485 2305 emendatione:
515 2241 656 2322 „Miseni
683 2243 772 2305 viam
797 2241 968 2325 propter”,
993 2251 1031 2305 ut
1050 2241 1175 2304 Miseni
1185 2240 1227 2302 sit
1240 2239 1416 2314 locativus.

275 2479 319 2543 A.
352 2481 448 2556 XIV,
485 2498 533 2544 11.
565 2481 701 2544 Mortua
723 2481 915 2564 Agrippina
940 2482 1032 2544 Nero
1054 2480 1232 2562 epistolam
1257 2480 1300 2542 ad
1324 2497 1420 2540 sena·

224 2607 300 2661 tum
333 2600 448 2675 mittit,
474 2621 541 2682 qua
565 2621 684 2664 omnes
708 2602 778 2663 eius
803 2601 941 2663 insidias
965 2600 1233 2664 machinationes
1257 2599 1419 2681 importu-

224 2719 362 2793 nitates,
388 2740 472 2801 quas
496 2721 568 2803 ipse
593 2721 659 2784 iam
684 2721 842 2804 princeps
866 2729 1027 2803 expertus
1047 2722 1099 2796 sit,
1125 2728 1318 2784 enumerat:

277 2839 504 2922 ,Temporum
539 2861 676 2923 quoque
717 2841 980 2905 Claudianorum
1019 2841 1157 2923 obliqua
1195 2840 1419 2903 insectatione

224 2969 347 3023 cuncta
367 2961 439 3022 eius
459 2962 701 3024 dominationis
722 2961 849 3044 flagitia
870 2963 903 3024 in
926 2970 1068 3025 matrem
1087 2960 1269 3035 transtulit,
1283 2959 1419 3043 publica

226 3080 362 3143 fortuna
382 3082 569 3144 extinctam
591 3081 748 3144 referens.
774 3082 930 3162 Namque
952 3091 987 3144 et
1007 3081 1216 3163 naufragium
1242 3079 1418 3143 narrabat:

227 3200 320 3281 quod
335 3199 510 3264 fortuitum
524 3201 633 3277 fuisse,
644 3203 719 3283 quis
731 3203 818 3264 adeo
832 3201 935 3265 hebes
949 3200 1164 3275 inveniretur,
1175 3209 1212 3262 ut
1221 3202 1376 3263 crederet
1386 3198 1418 3262 ?''

276 3320 366 3383 Male
390 3321 477 3383 duae
498 3320 562 3383 hae
582 3321 772 3384 sententiae
796 3321 884 3384 inter
907 3341 943 3383 se
968 3321 1161 3394 cohaerent,
1186 3320 1303 3400 inepto
1328 3320 1418 3382 enim

228 3438 363 3504 vinculo
387 3441 520 3504 iunctae
542 3449 630 3503 sunt.
652 3440 710 3502 An
731 3439 816 3502 ullus
836 3440 891 3503 hic
911 3439 1140 3502 coniunctioni
1153 3435 1419 3520 namquelocus?

228 3556 306 3621 Non
330 3560 469 3642 opinor:
494 3579 605 3641 neque
630 3561 721 3622 enim
742 3560 828 3622 ratio
848 3560 902 3622 hic
923 3560 1075 3623 redditur
1089 3579 1198 3640 neque
1211 3559 1418 3641 praeteritio,

226 3698 313 3759 quae
346 3679 479 3753 dicitur,
505 3678 551 3741 lit.
577 3677 646 3741 Sed
672 3699 733 3760 pro
759 3699 899 3760 namque
922 3680 996 3761 lege
1019 3681 1158 3760 iamque,
1184 3678 1317 3760 egregie
1343 3699 1418 3760 pro·

224 3799 324 3860 cedet
356 3799 475 3862 oratio
508 3799 585 3861 Hoc
617 3799 707 3861 enim
733 3798 801 3861 fere
826 3801 917 3862 dicet
941 3799 1096 3863 Tacitus:
1122 3800 1222 3881 ,quin
1246 3800 1349 3862 etiam
1374 3799 1417 3860 ad

226 3938 300 3980 eam
329 3928 380 3981 est
405 3902 600 4001 progressus
625 3920 871 4001 impudentiam
896 3929 932 3982 ut
957 3920 1166 4003 naufragium
1191 3917 1372 3983 narraret.”

271 4037 315 4100 A.
348 4037 444 4114 XIV,
469 4054 521 4102 20.
553 4037 638 4101 Cum
673 4039 764 4101 Nero
797 4039 894 4102 ludos
926 4040 1194 4121 quinquennales
1227 4040 1418 4102 institueret

227 4177 320 4220 more
351 4157 492 4233 Graec0‚
524 4159 745 4238 vehementer
776 4179 851 4222 eam
885 4180 955 4222 rem
980 4159 1221 4242 improbabant
1245 4160 1308 4221 viri
1332 4160 1417 4222 anti-

227 4278 367 4359 quitatis
390 4286 537 4340 tenaces
562 4276 687 4340 Totam
711 4299 781 4341 rem
806 4298 848 4341 eo
871 4289 1026 4361 spectare
1050 4280 1218 4343 affirmant
1240 4289 1295 4343 ut:

275 4399 386 4479 ,quod
423 4417 564 4480 usquam
601 4398 771 4481 corrumpi
806 4408 840 4461 et
876 4418 1090 4482 corrumpere
1122 4409 1235 4482 queat,
1268 4400 1301 4462 in
1334 4400 1416 4464 urbe
