3210 5274
784 380 827 461 98

204 560 319 622 statim
356 558 478 635 verbis
514 580 601 641 quae
638 560 751 634 citavi,
786 559 965 622 addendo:
1006 565 1060 637 ,et
1096 555 1186 618 male
1223 557 1396 619 coercitam

205 679 329 742 lamam
360 680 612 761 supprimentes
642 678 847 762 augebant”,
871 698 950 741 nam
975 676 1066 740 sama
1090 677 1134 738 de
1159 675 1233 739 filio
1256 697 1276 739 a
1301 675 1399 740 Galba

205 803 371 883 adoptato
395 810 579 883 utcumque
603 801 748 864 coerceri
768 809 803 863 et
825 799 995 882 supprimi
1017 806 1143 880 potest,
1169 798 1295 880 augeri
1317 795 1400 858 nullo

206 923 310 985 modo
334 930 458 1003 potest.
482 921 684 984 Admodum
708 919 852 983 obscure
875 918 930 981 hic
954 917 1105 1000 loquitur
1129 916 1283 992 Tacitus,
1308 917 1401 978 etde

205 1062 272 1123 qua
304 1062 339 1103 re
372 1061 460 1104 nunc
492 1042 621 1122 cogitet
646 1040 821 1122 aliquanto
847 1047 925 1121 post
949 1038 1089 1102 demum
1116 1036 1155 1099 fit
1180 1039 1401 1120 perspicuum.

205 1160 290 1223 Cum
323 1161 413 1223 enim
446 1161 488 1223 de
522 1160 651 1223 Galbae
678 1160 720 1222 ad
747 1159 871 1222 milites
895 1159 936 1240 (c.
967 1158 1016 1239 18)
1042 1157 1200 1219 oratione
1226 1165 1349 1230 narrat,
1372 1163 1404 1218 et

204 1282 269 1344 alia
293 1283 373 1344 inde
398 1280 525 1362 profert
549 1291 585 1344 et
608 1282 690 1345 hoc:
720 1301 778 1360 ,ac
804 1301 845 1344 ne
869 1278 1080 1343 dissimulata
1099 1278 1229 1341 seditio
1249 1279 1283 1341 in
1305 1277 1403 1340 maius

205 1402 409 1475 crederetur,
427 1401 515 1463 ultro
533 1410 704 1463 asseverat
718 1409 875 1483 quartam
888 1408 923 1462 et
937 1398 1246 1461 duoetvicesimam
1259 1397 1403 1480 legiones

206 1520 321 1602 paucis
343 1520 521 1583 seditionis
545 1520 740 1583 auctoribus
765 1540 832 1583 non
856 1519 944 1583 ultra
970 1518 1075 1581 verba
1094 1538 1135 1580 ac
1157 1538 1264 1581 voces
1282 1537 1403 1580 errasse

205 1650 239 1702 et
267 1640 361 1702 brevi
387 1640 420 1702 in
446 1641 557 1702 officio
582 1639 686 1702 sore.'’
711 1639 877 1723 Magnum
903 1659 984 1721 ergo
1009 1636 1091 1701 illud
1115 1650 1290 1712 secretum,
1316 1638 1402 1720 quod

206 1759 368 1822 hactenus
388 1760 611 1821 coercebatur
630 1768 665 1821 et
684 1759 971 1841 supprimebatur,
992 1766 1043 1820 est
1064 1757 1216 1821 defectio
1236 1758 1403 1841 legionum

206 1878 493 1952 Germanicarum,
526 1900 610 1960 quas
642 1899 777 1960 pugnae
801 1878 984 1959 caedisque
1008 1876 1127 1939 avidas
1152 1877 1292 1940 iamiam
1317 1878 1404 1940 adl·

205 2008 297 2061 turas
328 2000 428 2061 anxia
461 1998 558 2081 plebs
589 2007 782 2081 auguratur.
816 1997 865 2060 At
897 1998 988 2079 apud
1022 1996 1148 2060 milites
1174 1996 1287 2059 Galba
1310 1997 1403 2071 ultro,

206 2138 273 2179 non
299 2128 445 2199 rogatus
470 2120 513 2180 de
537 2118 594 2180 illa
619 2139 653 2180 re
678 2126 812 2180 tantum
836 2125 1008 2180 asseverat
1032 2124 1199 2198 quantum
1226 2116 1303 2180 illos
1325 2119 1404 2178 scire

208 2237 288 2299 utile
314 2239 432 2300 credit.

250 2356 286 2419 C.
314 2358 355 2419 26
379 2358 421 2418 de
447 2359 669 2439 praetorianis
693 2357 829 2420 iamiam
848 2357 892 2419 ad
915 2355 1090 2420 Othonem
1111 2355 1305 2419 transituris
1326 2357 1401 2418 haec

166 2461 169 2467 Δ
206 2477 368 2558 legimus:

253 2597 381 2674 ,Multa
401 2596 609 2678 erumpentis
628 2595 805 2659 seditionis
825 2595 951 2658 indicia
971 2613 1031 2677 per
1050 2595 1206 2657 conscios
1227 2613 1400 2678 oppressa:

205 2718 373 2799 quaedam
403 2719 494 2799 apud
526 2717 655 2780 Galbae
680 2736 777 2780 aures
801 2715 993 2799 praefectus
1015 2715 1111 2777 Laco
1135 2713 1247 2790 elusit,
1274 2716 1401 2798 ignarus

206 2837 399 2899 militarium
430 2838 619 2899 animorum
650 2835 850 2916 consiliique
875 2834 1030 2918 quamvis
1054 2834 1193 2914 egregii,
1218 2834 1313 2914 quod
1339 2852 1401 2896 non

205 2958 275 3037 ipse
300 2956 444 3030 afferret,
471 2957 625 3018 inimicus
649 2964 684 3018 et
708 2956 870 3017 adversus
895 2955 1024 3037 peritos
1048 2951 1246 3035 pervicax.”

248 3076 441 3140 Cornelium
468 3077 640 3139 Laconem
669 3074 880 3155 „mortalium
907 3071 1187 3155 ignavissimum*
1213 3074 1254 3153 (c.
1276 3075 1310 3156 6)
1330 3092 1402 3136 cum

203 3195 344 3276 legimus
372 3217 438 3257 una
463 3197 495 3257 in
522 3218 556 3258 re
577 3197 782 3277 pervicacem
807 3194 918 3268 fuisse,
943 3194 1057 3256 statim
1082 3193 1297 3274 suspicamur
1321 3194 1403 3256 eius·

203 3316 294 3376 modi
327 3314 416 3376 illam
450 3335 521 3376 rem
556 3314 656 3375 luisse
689 3322 726 3376 ut
757 3315 984 3396 pervicaciam
1009 3313 1170 3376 redderet
1195 3333 1300 3394 quam
1325 3313 1403 3376 stul·

201 3435 375 3495 tissimam.
409 3434 500 3515 Ergo
534 3435 566 3495 in
599 3434 770 3496 adiectivo
796 3434 925 3515 peritos
952 3452 1096 3496 acumen
1123 3431 1266 3514 aliquod
1296 3434 1403 3497 inesse

201 3554 315 3628 debet,
345 3564 379 3616 et
410 3576 527 3617 revera
555 3556 654 3628 inest,
678 3555 704 3615 si
730 3554 776 3615 sic
801 3554 1004 3635 accipimus:
1034 3553 1181 3635 ,peritos
1205 3552 1402 3617 militarium

200 3675 389 3736 animorum
408 3675 555 3754 ideoque
572 3693 695 3755 gnaros
714 3673 940 3755 periculorum
953 3692 973 3734 a
987 3671 1149 3734 militibus
1167 3672 1403 3736 instantium”.

200 3793 285 3854 Tam
319 3795 417 3868 iners,
450 3796 601 3875 ignavuS,
634 3793 869 3856 somnolentus
896 3792 1001 3854 homo
1027 3792 1120 3854 Laco
1144 3799 1218 3853 erat
1244 3801 1281 3855 ut
1307 3795 1404 3875 quid-

200 3933 302 3994 quam
327 3915 465 3975 credere
492 3913 595 3975 nollet
621 3914 663 3975 de
685 3911 842 3995 periculis
863 3931 950 3992 quae
970 3911 1004 3972 in
1024 3910 1143 3973 castris
1165 3921 1403 3988 nascerentur;

200 4040 272 4093 tum
294 4033 431 4094 demum
454 4031 559 4094 fiebat
579 4031 703 4106 firmus,
725 4033 831 4093 immo
851 4029 974 4093 stolide
992 4029 1163 4111 pervicax,
1178 4050 1256 4093 cum
1269 4030 1403 4114 aliquis

201 4152 252 4213 cui
286 4151 409 4213 milites
442 4152 591 4214 notiores
623 4162 746 4224 essent,
779 4170 918 4213 monere
948 4168 1024 4210 eum
1050 4156 1084 4210 et
1110 4148 1252 4212 meliora
1277 4151 1403 4222 docere

199 4272 363 4333 studeret.

246 4391 289 4451 H.
321 4392 346 4463 l,
381 4409 432 4470 34.
472 4391 697 4468 „Praemissus
733 4401 848 4454 tamen
881 4390 914 4452 in
947 4396 1057 4451 castra
1089 4389 1166 4452 Piso
1199 4398 1237 4452 ut
1270 4390 1401 4453 iuvenis
