3210 5274
776 382 832 461 185

248 556 293 619 A.
320 556 416 632 XIV,
440 577 471 637 4.
497 557 589 622 Satis
611 561 756 624 constitit
777 561 940 624 exstitisse
964 561 1184 642 proditorem.
1207 559 1312 640 (Inter
1333 558 1401 620 Ne·

202 677 296 740 ronis
325 678 480 739 conscios
508 698 608 740 nemo
632 678 806 742 dubitabat
828 679 909 760 quin
934 680 976 741 ad
1004 679 1232 760 Agrippinam
1256 677 1401 742 delatum

200 809 284 860 esset
316 797 493 860 consilium
526 799 559 860 in
591 798 711 860 itinere
745 799 914 861 maritimo
946 801 1017 862 eius
1049 799 1253 881 perdendae,
1288 806 1322 860 et
1354 798 1401 859 sic

195 918 334 1000 sactum
358 926 485 980 esseut
509 917 590 979 sella
616 917 713 980 Baias
738 918 1002 1000 perveheretur).

249 1035 293 1097 A.
327 1035 423 1107 XIV,
457 1054 508 1116 33.
541 1036 599 1098 Ad
632 1038 850 1118 septuaginta
882 1038 973 1100 milia
1005 1039 1129 1100 cIvium
1162 1046 1197 1098 et
1221 1037 1401 1110 sociorum,

201 1154 253 1228 iis,
279 1174 366 1236 quae
393 1157 590 1230 memoravi,
615 1155 699 1219 locis
723 1157 872 1219 cecidisse
896 1158 1049 1221 constitit.
1072 1156 1169 1237 (Cum
1190 1165 1309 1237 postca
1331 1175 1401 1216 mu·

203 1273 332 1356 nicipia
363 1273 428 1348 illa,
461 1295 548 1355 quae
581 1274 715 1337 barbari
748 1276 931 1351 diruerant,
963 1296 982 1338 a
1008 1276 1171 1338 Romanis
1194 1274 1400 1347 visebantur,

204 1414 388 1476 corporum
413 1414 555 1456 numero
580 1395 665 1457 inito
688 1397 851 1477 apparuit
873 1404 925 1457 tot
951 1396 1042 1457 milia
1066 1395 1236 1476 cecidisse).

252 1513 296 1576 A.
319 1514 396 1588 XV,
425 1515 472 1576 16.
490 1513 646 1577 Obsessis
666 1516 754 1577 adeo
770 1516 1042 1597 suppeditavisse
1060 1534 1130 1576 rem
1148 1513 1401 1576 frumentariam

203 1634 371 1708 constitit,
404 1644 440 1697 ut
472 1635 601 1698 horreis
632 1635 747 1717 ignem
781 1636 955 1698 inicerent.
989 1634 1086 1717 (Cum
1117 1636 1159 1696 de
1185 1634 1278 1696 Paeti
1304 1633 1403 1696 rebus

203 1754 311 1836 gestis
341 1754 518 1817 consilium
543 1756 718 1836 quoddam
745 1754 889 1818 militare
913 1754 1112 1829 habebatur,
1138 1754 1332 1818 intellectum
1356 1764 1405 1816 est

205 1874 347 1936 minIme
371 1894 457 1955 opus
481 1875 511 1936 ei
529 1876 643 1957 fuisse
665 1884 775 1937 castra
800 1896 860 1938 sua
885 1876 1011 1937 dedere
1036 1875 1213 1955 hostibus.)

252 1992 332 2065 XV,
357 1993 418 2074 675
437 1992 530 2055 Nihil
555 1994 588 2056 in
613 1993 669 2056 illa
693 1995 926 2057 coniuratione
947 1995 1081 2075 gravius
1101 1993 1236 2056 auribus
1259 1992 1403 2054 Neronis

203 2113 371 2175 accidisse
404 2112 567 2174 constitit.
601 2110 678 2194 (Qui
705 2122 901 2194 praesentes
926 2112 1072 2175 Neronis
1096 2112 1227 2174 vultum
1251 2120 1403 2174 contem·

206 2232 293 2314 plari
327 2239 486 2313 poterant
517 2231 737 2295 declararunt
766 2251 843 2293 eum
875 2232 1023 2312 graviter
1055 2231 1117 2294 illis
1141 2231 1267 2293 tribuni
1291 2230 1403 2292 verbis

205 2371 278 2414 esse
299 2350 517 2431 commotum).

256 2469 352 2543 XVI,
388 2485 417 2550 5.
452 2469 607 2534 Constitit
637 2469 817 2552 plerosque
849 2471 1013 2551 equitum,
1045 2470 1126 2531 dum
1151 2489 1211 2553 per
1234 2470 1406 2551 angustias

205 2590 323 2653 aditus
354 2598 390 2651 et
421 2589 636 2670 ingruentem
669 2589 922 2651 multitudinem
943 2590 1117 2651 enituntur
1140 2589 1286 2652 obtritos.
1312 2589 1405 2670 (Con-

203 2710 304 2783 stitit,
339 2727 463 2789 nempe
494 2708 581 2769 inter
610 2727 679 2782 eos,
704 2707 761 2789 qui
786 2708 900 2770 clades
923 2707 979 2769 illa
1004 2709 1178 2788 quomodo
1203 2708 1292 2770 facta
1317 2717 1405 2770 esset

204 2828 437 2912 quaerebant,
469 2846 587 2889 causas
619 2827 690 2888 eius
715 2828 828 2909 fuisse
859 2835 1021 2908 angustos
1053 2827 1165 2889 aditus
1197 2835 1232 2888 et
1265 2827 1403 2888 nimiam

206 2947 486 3029 multitudinem).

254 3066 412 3147 Denique
449 3066 493 3129 H.
531 3065 592 3138 III,
629 3080 667 3147 75
711 3065 816 3147 „quod
843 3066 930 3128 inter
962 3086 1070 3127 onmes
1100 3065 1290 3138 constiterit,
1322 3073 1402 3126 ante

208 3185 440 3268 principatum
473 3184 675 3267 Vespasiani
709 3183 811 3245 decus
836 3185 957 3246 domus
982 3203 1087 3265 penes
1112 3182 1275 3247 Sabinum
1299 3183 1405 3257 erat,”

211 3303 342 3368 Graece
368 3305 550 3367 dicendum
575 3304 619 3365 sit
643 3299 657 3364 ὃ
679 3297 798 3373 πάντες
826 3300 1054 3377 ὁμολογήσειαν
1079 3300 1128 3364 aiv.

256 3542 350 3625 Ergo
384 3543 450 3605 XII
482 3543 548 3607 loci
580 3544 715 3625 egregie
747 3543 1004 3605 emendationes
1037 3563 1129 3606 meas
1157 3542 1212 3624 (A.
1239 3543 1300 3617 IV,
1326 3543 1347 3605 6
1371 3551 1406 3604 et

211 3662 273 3736 IV,
304 3664 360 3744 74)
393 3663 615 3737 confirmant,
649 3662 732 3724 XIII
765 3662 847 3725 nihil
879 3662 1007 3724 habent
1039 3663 1131 3743 quod
1163 3661 1327 3724 lectiones
1358 3662 1404 3724 ibi

210 3783 352 3844 traditas
383 3791 528 3846 tueatur.
565 3782 753 3865 Supersunt
785 3784 853 3845 duo
877 3783 910 3843 in
935 3781 1162 3863 Agricola...
1187 3801 1272 3862 quos
1296 3801 1404 3862 aeque

209 3921 248 3963 ac
273 3900 318 3962 A.
345 3901 407 3976 IV,
431 3902 452 3964 6
472 3911 507 3963 et
527 3902 588 3976 IV,
611 3920 654 3984 74
674 3909 851 3981 corruptos
871 3920 1012 3976 censeo;
1034 3911 1137 3981 atque
1158 3901 1280 3962 eodem
1302 3902 1406 3963 modo

211 4021 390 4082 sanandos.
430 4019 530 4081 Alter
554 4028 606 4081 est
630 4040 658 4084 c.
686 4022 736 4101 38.
773 4018 865 4081 Victi
892 4021 1042 4082 Britanni
1067 4021 1241 4102 quomodo
1268 4029 1403 4082 noctem

213 4139 343 4220 egerInt
367 4139 490 4201 vividis
514 4139 715 4201 describitur
739 4139 927 4201 coloribus:

260 4257 414 4336 „trahere
447 4256 651 4334 vulneratos,
685 4279 806 4322 vocare
839 4260 998 4340 integros,
1031 4261 1186 4322 deserere
1219 4260 1340 4321 domos
1367 4280 1406 4322 ac

216 4396 274 4456 per
293 4377 379 4438 iram
400 4374 489 4439 ultro
509 4379 701 4453 incendere,
723 4378 847 4460 eligere
864 4378 1010 4442 latebras
1023 4380 1185 4442 utstatim
1198 4378 1405 4460 relinquere;
