3292 5280
799 371 840 436 54

225 537 313 601 sacta
338 545 419 600 erat.
446 535 514 601 Sed
540 536 604 598 hoc
630 536 701 599 vult
726 535 864 599 Tacitus
887 545 990 617 atque
1015 537 1115 618 paulo
1139 538 1334 601 contortius
1353 537 1419 600 elo·

223 659 353 739 quitur:
383 676 608 737 „quamquam
634 663 764 718 moesta
788 663 861 717 erat
885 655 976 719 urbis
996 655 1108 729 facies
1129 656 1282 719 habebat
1304 664 1418 719 tamen

221 777 331 840 solatii
365 776 510 857 aliquid:
541 776 573 836 in
599 782 749 836 mentem
773 774 864 837 enim
888 774 1071 838 revocabat
1095 775 1237 856 antiqua
1261 784 1418 858 tempora

222 896 345 977 quibus
370 903 447 977 post
473 914 595 976 magna
620 893 748 974 proelia
771 894 862 955 idem
887 893 958 956 fieri
981 893 1146 958 solebat’‘.

269 1014 389 1096 Neque
413 1022 492 1075 sunt
516 1014 639 1075 diversi
665 1013 697 1075 hi
723 1013 805 1074 loci:

268 1134 359 1196 Ann.
385 1133 446 1206 Vl,
472 1148 531 1210 24:

273 1254 420 1332 „Drusus
452 1251 656 1333 (Germanici
689 1250 786 1332 lilius)
819 1251 1043 1332 exstinguitur
1167 1253 1324 1315 centurio
1349 1254 1414 1334 (qui

223 1374 256 1434 in
282 1392 416 1435 carcere
439 1391 557 1434 omnes
581 1371 653 1432 eius
674 1390 774 1433 voces
794 1372 987 1453 exceperat)
1105 1391 1207 1434 voces
1226 1372 1415 1435 deficientis

223 1494 278 1573 (ad
303 1491 477 1553 Tiberium
503 1490 652 1572 pertulit)
777 1490 852 1571 quis
876 1491 986 1571 primo
1010 1492 1105 1572 quasi
1125 1511 1186 1572 per
1206 1493 1413 1554 dementiam

223 1609 355 1671 funesta
387 1608 535 1677 Tiberio.
565 1628 655 1682 mox,
680 1608 737 1670 ubi
762 1629 884 1690 exspes
909 1611 997 1672 vitae
1021 1609 1093 1685 suit,
1119 1611 1303 1675 meditatas
1327 1632 1414 1674 com·

224 1730 419 1810 positasque
451 1729 541 1790 diras
572 1728 832 1809 imprecabatur,
865 1736 911 1801 ut,
937 1730 1105 1809 quemad
1131 1730 1272 1794 modum
1297 1751 1413 1794 nurum

224 1847 397 1928 filiumque
416 1846 526 1909 fratris
547 1855 581 1908 et
601 1856 743 1927 nepotes
764 1848 972 1929 domumque
992 1869 1128 1912 omnem
1147 1849 1311 1913 caedibus
1327 1870 1414 1913 com·

224 1967 385 2048 plevisset
410 1987 438 2028 e.
465 1987 497 2047 q.
522 1965 581 2027 εἶ’.

270 2086 349 2148 Post
373 2098 498 2170 nepotes
523 2087 674 2148 Ritterus
695 2086 810 2148 inserit
831 2098 987 2150 necasset:
1009 2086 1141 2163 frustra,
1163 2108 1241 2151 nam
1262 2089 1317 2152 hic
1335 2109 1413 2172 quo·

224 2227 290 2288 que
314 2207 397 2268 duas
422 2226 474 2268 res
498 2205 637 2268 Tacitus
660 2206 693 2266 in
718 2226 820 2268 unam
844 2214 975 2268 coartat
996 2215 1209 2270 structuram.
1231 2208 1412 2290 Vulgatam

225 2327 406 2388 lectionem
430 2326 565 2406 egregie
589 2333 702 2387 tuetur
726 2325 818 2405 quod
842 2344 871 2386 c.
895 2342 934 2403 41
964 2324 1102 2406 legitur:

272 2443 453 2522 „Clitarum
486 2445 577 2506 natio
695 2445 728 2506 in
761 2445 838 2525 iuga
862 2443 964 2506 Tauri
989 2445 1113 2506 montis
1137 2444 1303 2508 abscessit
1327 2445 1412 2509 loco·

224 2583 365 2644 rumque
399 2563 534 2644 ingenio
565 2582 638 2623 sese
745 2562 920 2624 tutabatur
1021 2565 1130 2626 donec
1156 2563 1202 2627 M.
1227 2564 1413 2628 Trebellius

224 2683 354 2764 legatus
456 2682 541 2743 duos
565 2681 678 2755 colles,
704 2702 789 2762 quos
814 2681 946 2744 barbari
968 2672 1236 2745 insederant
1258 2685 1413 2766 operibus

224 2801 448 2864 circumdedit
479 2809 513 2862 et
545 2820 722 2881 erumpere
746 2820 845 2862 ausos
869 2800 967 2875 serr0,
992 2810 1124 2863 ceteros
1147 2802 1203 2864 siti
1227 2803 1271 2865 ad
1297 2803 1413 2867 dediti·

225 2941 325 2983 onem
351 2917 496 3001 coegit”.

269 3039 307 3101 ld
340 3047 407 3100 est:
444 3057 639 3119 „erumpere
671 3057 769 3099 ausos
801 3037 889 3100 ferro
920 3038 1112 3114 trucidavit,
1138 3047 1271 3102 ceteros
1294 3041 1350 3103 siti
1372 3040 1411 3103 ad

225 3157 434 3220 deditionem
459 3155 603 3238 coegit’.
