3210 5274
747 392 840 475 ,239

255 554 428 636 ,Longius
451 554 517 617 iam
543 574 739 636 progressus
763 562 845 627 erat,
870 574 973 635 quam
997 562 1035 616 ut
1059 553 1191 635 regredi
1216 561 1347 635 posset;
1370 562 1404 616 et

206 693 268 736 suo
293 673 436 755 quisque
458 680 561 748 metu,
583 692 624 735 ne
645 672 805 735 disiectos
824 692 934 754 eoque
955 672 1065 735 minus
1085 671 1216 734 validos
1230 672 1405 735 Vitelliani

206 801 495 869 consectarentur,
526 801 746 855 cunctantem
777 793 810 854 in
841 813 935 854 arma
960 791 1191 874 impellebant.
1217 790 1284 867 Sed
1310 792 1416 873 quod,

206 914 239 976 in
266 912 432 975 eiusmodi
457 912 558 974 rebus
581 912 716 986 accidit,
740 910 918 974 consilium
941 912 985 973 ab
1009 911 1165 974 omnibus
1191 911 1308 973 datum
1334 919 1403 986 est,

206 1032 395 1116 periculum
424 1033 522 1114 pauci
547 1052 731 1115 sumpsere.
757 1031 854 1095 Circa
878 1031 989 1094 lacum
1014 1031 1170 1093 Fundani
1196 1030 1405 1093 descenden-

204 1152 307 1227 tibus,
340 1151 398 1233 qui
423 1150 587 1215 Sabinum
612 1151 873 1226 comitabantur,
897 1149 1036 1214 armatis
1060 1156 1240 1212 occurrunt
1265 1170 1404 1232 promp-

204 1272 325 1335 tissimi
351 1270 645 1335 Vitellianorum.”

251 1392 348 1455 Ferri
380 1392 468 1455 istud
500 1391 646 1454 armatis
677 1391 804 1472 nequit.
838 1389 928 1452 Tota
958 1390 1001 1451 de
1032 1387 1152 1452 Flavio
1176 1387 1304 1452 Sabino
1330 1408 1403 1451 nar·

204 1512 337 1575 ratione
368 1513 403 1573 in
435 1511 498 1575 hac
527 1531 563 1573 re
586 1511 742 1592 quaestio
767 1518 928 1584 versatur,
954 1517 1064 1572 utrum
1090 1529 1183 1572 arma
1207 1510 1251 1572 ab
1275 1530 1317 1572 eo
1341 1530 1403 1592 pro

203 1630 316 1694 fratris
340 1631 483 1713 imperio
503 1639 679 1693 sumantur
697 1651 740 1693 an
762 1650 829 1693 non
849 1638 1034 1708 sumantur,
1056 1638 1090 1691 et
1112 1649 1155 1692 ex
1177 1629 1258 1712 ipsis
1279 1629 1401 1705 verbis,
1450 1713 1454 1718 ⁸

204 1772 292 1835 quae
317 1751 507 1827 citavimus,
531 1751 575 1814 ab
600 1751 640 1812 iis
662 1758 764 1825 certe,
790 1751 847 1832 qui
868 1750 1048 1813 discrimen
1071 1769 1138 1811 non
1160 1749 1402 1826 detrectarent,

203 1890 299 1934 arma
327 1879 464 1953 sumpta
488 1872 720 1952 cognovimus.
747 1870 825 1933 Non
849 1870 951 1951 igitur
973 1888 1035 1931 nos
1060 1870 1180 1931 iterum
1206 1870 1318 1932 doceri
1345 1889 1404 1951 pa·

204 1992 309 2053 timur
338 1997 490 2054 armatos
519 1989 630 2065 fuisse,
663 1991 720 2072 qui
745 1988 910 2053 Sabinum
934 1989 1196 2052 comitabantur.
1223 1989 1326 2052 Ferre
1351 1998 1405 2052 ut·

205 2129 341 2191 cunque
376 2109 624 2171 nominativum
659 2110 790 2172 armati
823 2128 1014 2190 possemus,
1052 2108 1114 2170 nisi
1150 2108 1243 2171 illam
1278 2129 1399 2173 vocem

204 2228 413 2291 adiectivum
438 2229 687 2311 promptissimi
716 2227 816 2309 plane
848 2228 1008 2290 redderet
1039 2247 1295 2309 supervacuam.
1332 2227 1401 2293 Sed

204 2347 419 2410 confidenter
449 2347 539 2409 istud
570 2348 715 2410 armatis
745 2346 939 2421 abiicimus;
973 2347 1114 2409 omnino
1145 2347 1247 2422 enim,
1273 2348 1401 2411 utiam

204 2468 373 2542 dicebam,
398 2467 462 2530 hae
483 2466 627 2549 paginae
648 2466 701 2528 isti
722 2466 909 2528 annotandi
929 2466 1043 2528 studio
1063 2465 1233 2529 obnoxiae
1255 2466 1400 2530 suerunt.

205 2586 363 2667 Denique
387 2586 471 2648 haec
496 2604 632 2666 quoque
656 2585 789 2647 accedit
809 2574 911 2647 causa
932 2584 1070 2646 minime
1090 2584 1185 2660 levis,
1206 2587 1309 2667 quod,
1330 2587 1401 2650 sive

203 2705 364 2768 adiectivi
396 2705 468 2767 sive
493 2705 695 2767 substantivi
720 2705 829 2766 vicem
855 2703 996 2786 implere
1022 2724 1141 2767 vocem
1165 2707 1312 2770 armatis
1334 2715 1401 2769 sta·

205 2834 350 2900 tuamus,
376 2833 487 2887 totum
511 2824 593 2888 illud
613 2824 873 2888 descendentibus
891 2826 950 2906 qui
968 2823 1127 2888 Sabinum
1147 2827 1400 2902 comitabantur,

204 2945 351 3008 armatis
374 2944 590 3008 durissimum
614 2953 649 3007 et
674 2945 731 3007 vix
755 2943 898 3007 latinum
923 2944 1068 3006 videtur.

251 3063 294 3124 H.
321 3062 383 3138 IV,
413 3079 460 3125 12.
494 3063 678 3145 Postquam
704 3071 875 3126 narratum
900 3071 952 3126 est
977 3063 1096 3127 Batavi
1122 3065 1211 3126 unde
1236 3066 1402 3142 venerint,

204 3202 264 3246 cur
288 3183 433 3265 patriam
460 3182 668 3265 reliquerint,
692 3203 761 3264 quo
785 3181 862 3245 loco
886 3182 1113 3258 consederint,
1136 3184 1184 3246 sic
1209 3185 1379 3266 pergitur:

252 3301 346 3381 ,Nec
381 3301 505 3384 opibus
541 3302 705 3365 Romanis
739 3303 904 3365 societate
936 3303 1138 3366 validiorum
1172 3305 1279 3366 attriti
1312 3306 1403 3368 viros

202 3428 337 3484 tantum
361 3441 523 3502 armaque
548 3422 691 3503 imperio
716 3422 963 3496 ministrabant,
988 3423 1045 3485 diu
1071 3421 1281 3485 Germanicis
1305 3424 1401 3487 bellis

203 3542 355 3616 exerciti,
389 3562 470 3604 mox
501 3551 601 3605 aucta
632 3563 693 3624 per
717 3542 927 3605 Britanniam
952 3542 1070 3624 gloria,
1095 3544 1299 3607 transmissis
1323 3545 1401 3609 illuc

203 3661 401 3724 cohortibus
432 3681 516 3742 quas
548 3670 662 3725 vetere
695 3662 850 3723 instituto
883 3661 1081 3724 nobilissimi
1113 3664 1326 3746 popularium
1352 3686 1401 3728 re·

203 3780 365 3863 gebant.”

249 3901 315 3963 Hic
347 3909 439 3963 recte
471 3920 548 3963 cum
574 3900 729 3962 Wurmio
754 3900 991 3965 ministrabant
1014 3922 1076 3983 pro
1101 3904 1296 3968 ministrant
1319 3905 1399 3988 legi·

202 4028 273 4083 tur:
307 4027 483 4082 enarratur
514 4020 605 4081 enim
629 4020 797 4094 condicio,
823 4040 890 4102 qua
914 4029 994 4082 ante
1019 4020 1145 4084 bellum
1170 4022 1293 4087 fuerint
1318 4025 1401 4089 Ger·

203 4141 304 4203 mani.
337 4139 459 4203 Cetera
491 4139 524 4201 in
556 4140 725 4222 integrum
751 4140 902 4201 nondum
928 4140 1083 4203 restituta
1107 4142 1275 4205 videntur.
1310 4145 1398 4208 Nam

202 4278 313 4341 neque
345 4259 524 4339 quisquam
556 4279 644 4339 quae
669 4260 755 4322 ratio
778 4259 968 4321 intercedat
994 4259 1081 4322 inter
1105 4262 1217 4344 opibus
1239 4265 1399 4328 Romanis

201 4387 236 4441 et
259 4379 412 4442 societate
433 4377 637 4442 validiorum
661 4380 765 4454 videt,
791 4398 902 4460 neque
926 4381 1100 4459 quomodo
1125 4383 1265 4446 omnino
1285 4384 1399 4466 opibus
