<?xml version="1.0" encoding="UTF-8"?>
<!DOCTYPE html PUBLIC "-//W3C//DTD XHTML 1.0 Transitional//EN"
    "http://www.w3.org/TR/xhtml1/DTD/xhtml1-transitional.dtd">
<html xmlns="http://www.w3.org/1999/xhtml" xml:lang="en" lang="en">
 <head>
  <title>
</title>
<meta http-equiv="Content-Type" content="text/html;charset=utf-8" />
  <meta name='ocr-system' content='tesseract 3.04.00' />
  <meta name='ocr-capabilities' content='ocr_page ocr_carea ocr_par ocr_line ocrx_word'/>
</head>
<body>
  <div class='ocr_page' id='page_1' title='image "./analectatacitea00hartgoog_0234.png"; bbox 0 0 3210 5274; ppageno 0'>
   <div class='ocr_carea' id='block_1_1' title="bbox 776 389 838 454">
    <p class='ocr_par' dir='ltr' id='par_1_1' title="bbox 776 389 838 454">
     <span class='ocr_line' id='line_1_1' title="bbox 776 389 838 454; baseline 0 -19"><span class='ocrx_word' id='word_1_1' title='bbox 776 389 838 454; x_wconf 85' lang='lat'>2²3</span> 
     </span>
    </p>
   </div>
   <div class='ocr_carea' id='block_1_2' title="bbox 201 550 1406 1235">
    <p class='ocr_par' dir='ltr' id='par_1_2' title="bbox 203 550 1404 637">
     <span class='ocr_line' id='line_1_2' title="bbox 203 550 1404 637; baseline -0.004 -19"><span class='ocrx_word' id='word_1_2' title='bbox 203 555 327 629; x_wconf 86' lang='lat' dir='ltr'>ferret,</span> <span class='ocrx_word' id='word_1_3' title='bbox 365 555 445 617; x_wconf 90' lang='lat' dir='ltr'>dein</span> <span class='ocrx_word' id='word_1_4' title='bbox 481 556 635 637; x_wconf 86' lang='lat' dir='ltr'>puniret,</span> <span class='ocrx_word' id='word_1_5' title='bbox 668 561 841 627; x_wconf 89' lang='lat' dir='ltr'>metuens,</span> <span class='ocrx_word' id='word_1_6' title='bbox 874 572 975 634; x_wconf 88' lang='lat' dir='ltr'>agere</span> <span class='ocrx_word' id='word_1_7' title='bbox 1007 561 1041 614; x_wconf 90' lang='lat' dir='ltr'>et</span> <span class='ocrx_word' id='word_1_8' title='bbox 1073 551 1221 614; x_wconf 90' lang='lat' dir='ltr'>celerare</span> <span class='ocrx_word' id='word_1_9' title='bbox 1253 550 1404 614; x_wconf 89' lang='lat' dir='ltr'>statuit.”</span> 
     </span>
    </p>

    <p class='ocr_par' dir='ltr' id='par_1_3' title="bbox 201 671 1406 1235">
     <span class='ocr_line' id='line_1_3' title="bbox 256 671 1406 754; baseline -0.003 -18"><span class='ocrx_word' id='word_1_10' title='bbox 256 673 304 737; x_wconf 90' lang='lat' dir='ltr'>Ut</span> <span class='ocrx_word' id='word_1_11' title='bbox 336 673 457 735; x_wconf 88' lang='lat' dir='ltr'>horum</span> <span class='ocrx_word' id='word_1_12' title='bbox 490 672 734 735; x_wconf 90' lang='lat' dir='ltr'>vocabulorum</span> <span class='ocrx_word' id='word_1_13' title='bbox 767 672 880 754; x_wconf 90' lang='lat' dir='ltr'>aliqua</span> <span class='ocrx_word' id='word_1_14' title='bbox 907 681 1023 734; x_wconf 89' lang='lat' dir='ltr'>tamen</span> <span class='ocrx_word' id='word_1_15' title='bbox 1048 680 1182 734; x_wconf 92' lang='lat' dir='ltr'>constet</span> <span class='ocrx_word' id='word_1_16' title='bbox 1207 671 1302 745; x_wconf 90' lang='lat' dir='ltr'>ratio,</span> <span class='ocrx_word' id='word_1_17' title='bbox 1329 679 1406 753; x_wconf 91' lang='lat' dir='ltr'>post</span> 
     </span>
     <span class='ocr_line' id='line_1_4' title="bbox 203 776 1403 877; baseline -0.003 -21"><span class='ocrx_word' id='word_1_18' title='bbox 203 794 399 877; x_wconf 78' lang='lat' dir='ltr'>Agre&#39;ppina</span> <span class='ocrx_word' id='word_1_19' title='bbox 435 776 609 856; x_wconf 83' lang='lat' dir='ltr'>distinctio</span> <span class='ocrx_word' id='word_1_20' title='bbox 645 793 805 876; x_wconf 88' lang='lat' dir='ltr'>ponenda</span> <span class='ocrx_word' id='word_1_21' title='bbox 840 801 891 854; x_wconf 88' lang='lat' dir='ltr'>est</span> <span class='ocrx_word' id='word_1_22' title='bbox 928 792 1043 866; x_wconf 90' lang='lat' dir='ltr'>maior,</span> <span class='ocrx_word' id='word_1_23' title='bbox 1079 792 1127 853; x_wconf 91' lang='lat' dir='ltr'>ita</span> <span class='ocrx_word' id='word_1_24' title='bbox 1162 800 1199 853; x_wconf 91' lang='lat' dir='ltr'>ut</span> <span class='ocrx_word' id='word_1_25' title='bbox 1233 803 1316 864; x_wconf 87' lang='lat' dir='ltr'>erat,</span> <span class='ocrx_word' id='word_1_26' title='bbox 1351 791 1403 853; x_wconf 91' lang='lat' dir='ltr'>vel</span> 
     </span>
     <span class='ocr_line' id='line_1_5' title="bbox 203 910 1405 994; baseline -0.001 -19"><span class='ocrx_word' id='word_1_27' title='bbox 203 912 409 975; x_wconf 84' lang='lat' dir='ltr'><em>versabatur</em></span> <span class='ocrx_word' id='word_1_28' title='bbox 434 921 548 974; x_wconf 89' lang='lat' dir='ltr'>mente</span> <span class='ocrx_word' id='word_1_29' title='bbox 573 913 616 974; x_wconf 92' lang='lat' dir='ltr'>sit</span> <span class='ocrx_word' id='word_1_30' title='bbox 640 911 879 994; x_wconf 89' lang='lat' dir='ltr'>supplendum.</span> <span class='ocrx_word' id='word_1_31' title='bbox 905 910 973 975; x_wconf 87' lang='lat' dir='ltr'>Sed</span> <span class='ocrx_word' id='word_1_32' title='bbox 998 912 1045 974; x_wconf 90' lang='lat' dir='ltr'>sic</span> <span class='ocrx_word' id='word_1_33' title='bbox 1069 919 1237 974; x_wconf 88' lang='lat' dir='ltr'><strong>structura</strong></span> <span class='ocrx_word' id='word_1_34' title='bbox 1257 913 1405 974; x_wconf 90' lang='lat' dir='ltr'>nascitur</span> 
     </span>
     <span class='ocr_line' id='line_1_6' title="bbox 204 1030 1404 1113; baseline -0.001 -19"><span class='ocrx_word' id='word_1_35' title='bbox 204 1051 338 1113; x_wconf 89' lang='lat' dir='ltr'>parum,</span> <span class='ocrx_word' id='word_1_36' title='bbox 364 1030 487 1104; x_wconf 88' lang='lat' dir='ltr'>hercle,</span> <span class='ocrx_word' id='word_1_37' title='bbox 513 1041 656 1094; x_wconf 89' lang='lat' dir='ltr'>venusta</span> <span class='ocrx_word' id='word_1_38' title='bbox 679 1041 714 1094; x_wconf 89' lang='lat' dir='ltr'>et</span> <span class='ocrx_word' id='word_1_39' title='bbox 739 1031 860 1094; x_wconf 88' lang='lat' dir='ltr'>Tacito</span> <span class='ocrx_word' id='word_1_40' title='bbox 885 1052 1021 1113; x_wconf 85' lang='lat' dir='ltr'>prorsus</span> <span class='ocrx_word' id='word_1_41' title='bbox 1045 1032 1195 1112; x_wconf 89' lang='lat' dir='ltr'>indigna.</span> <span class='ocrx_word' id='word_1_42' title='bbox 1220 1032 1268 1094; x_wconf 94' lang='lat' dir='ltr'>At</span> <span class='ocrx_word' id='word_1_43' title='bbox 1294 1033 1404 1094; x_wconf 88' lang='lat' dir='ltr'>eiecto</span> 
     </span>
     <span class='ocr_line' id='line_1_7' title="bbox 201 1151 1403 1235; baseline 0 -21"><span class='ocrx_word' id='word_1_44' title='bbox 201 1153 243 1214; x_wconf 87' lang='lat' dir='ltr'>in</span> <span class='ocrx_word' id='word_1_45' title='bbox 267 1153 381 1214; x_wconf 88' lang='lat' dir='ltr'>omnia</span> <span class='ocrx_word' id='word_1_46' title='bbox 406 1151 491 1214; x_wconf 85' lang='lat' dir='ltr'>frunt</span> <span class='ocrx_word' id='word_1_47' title='bbox 515 1152 774 1234; x_wconf 87' lang='lat' dir='ltr'>elegantissima,</span> <span class='ocrx_word' id='word_1_48' title='bbox 799 1152 870 1213; x_wconf 91' lang='lat' dir='ltr'>sive</span> <span class='ocrx_word' id='word_1_49' title='bbox 885 1153 1065 1235; x_wconf 51' lang='lat' dir='ltr'>praeceptae</span> <span class='ocrx_word' id='word_1_50' title='bbox 1079 1163 1208 1233; x_wconf 82' lang='lat' dir='ltr'>pauore</span> <span class='ocrx_word' id='word_1_51' title='bbox 1228 1160 1403 1234; x_wconf 85' lang='lat' dir='ltr'>tamquam</span> 
     </span>
    </p>
   </div>
   <div class='ocr_carea' id='block_1_3' title="bbox 202 1250 1403 1354">
    <p class='ocr_par' dir='ltr' id='par_1_4' title="bbox 202 1250 1403 1354">
     <span class='ocr_line' id='line_1_8' title="bbox 202 1250 1403 1354; baseline 0 -20"><span class='ocrx_word' id='word_1_52' title='bbox 202 1250 371 1354; x_wconf 30' lang='lat' dir='ltr'>aliquem*</span> <span class='ocrx_word' id='word_1_53' title='bbox 392 1271 597 1350; x_wconf 83' lang='lat' dir='ltr'>„ablativum</span> <span class='ocrx_word' id='word_1_54' title='bbox 629 1267 845 1334; x_wconf 72' lang='lat' dir='ltr'>&#39;absolutum’</span> <span class='ocrx_word' id='word_1_55' title='bbox 879 1272 1064 1353; x_wconf 87' lang='lat' dir='ltr'>accipimus</span> <span class='ocrx_word' id='word_1_56' title='bbox 1097 1273 1149 1352; x_wconf 68' lang='grc' dir='ltr'>(τ-</span> <span class='ocrx_word' id='word_1_57' title='bbox 1182 1272 1277 1352; x_wconf 68' lang='lat' dir='ltr'>Agr„</span> <span class='ocrx_word' id='word_1_58' title='bbox 1309 1273 1403 1335; x_wconf 90' lang='lat' dir='ltr'>cuius</span> 
     </span>
    </p>
   </div>
   <div class='ocr_carea' id='block_1_4' title="bbox 201 1391 1404 4459">
    <p class='ocr_par' dir='ltr' id='par_1_5' title="bbox 203 1391 1230 1474">
     <span class='ocr_line' id='line_1_9' title="bbox 203 1391 1230 1474; baseline 0 -21"><span class='ocrx_word' id='word_1_59' title='bbox 203 1391 411 1474; x_wconf 90' lang='lat' dir='ltr'>praecipuus</span> <span class='ocrx_word' id='word_1_60' title='bbox 436 1400 508 1455; x_wconf 89' lang='lat' dir='ltr'>erat</span> <span class='ocrx_word' id='word_1_61' title='bbox 533 1393 662 1474; x_wconf 87' lang='lat' dir='ltr'>pavor),</span> <span class='ocrx_word' id='word_1_62' title='bbox 686 1392 757 1453; x_wconf 89' lang='lat' dir='ltr'>sive</span> <span class='ocrx_word' id='word_1_63' title='bbox 781 1411 858 1454; x_wconf 91' lang='lat' dir='ltr'>cum</span> <span class='ocrx_word' id='word_1_64' title='bbox 884 1403 1027 1455; x_wconf 85' lang='lat' dir='ltr'>metuens</span> <span class='ocrx_word' id='word_1_65' title='bbox 1051 1393 1230 1473; x_wconf 81' lang='lat' dir='ltr'>iungimus,</span> 
     </span>
    </p>

    <p class='ocr_par' dir='ltr' id='par_1_6' title="bbox 203 1510 1404 1710">
     <span class='ocr_line' id='line_1_10' title="bbox 254 1510 1404 1593; baseline -0.001 -20"><span class='ocrx_word' id='word_1_66' title='bbox 254 1510 298 1572; x_wconf 91' lang='lat' dir='ltr'>A.</span> <span class='ocrx_word' id='word_1_67' title='bbox 331 1511 409 1585; x_wconf 92' lang='lat' dir='ltr'><strong>XII,</strong></span> <span class='ocrx_word' id='word_1_68' title='bbox 441 1512 494 1591; x_wconf 85' lang='lat'>65.</span> <span class='ocrx_word' id='word_1_69' title='bbox 527 1510 720 1593; x_wconf 88' lang='lat' dir='ltr'>Agrippina</span> <span class='ocrx_word' id='word_1_70' title='bbox 744 1532 836 1593; x_wconf 88' lang='lat' dir='ltr'>erg0,</span> <span class='ocrx_word' id='word_1_71' title='bbox 862 1520 1053 1574; x_wconf 87' lang='lat' dir='ltr'>extremum</span> <span class='ocrx_word' id='word_1_72' title='bbox 1077 1511 1140 1573; x_wconf 92' lang='lat' dir='ltr'>sibi</span> <span class='ocrx_word' id='word_1_73' title='bbox 1167 1512 1292 1573; x_wconf 90' lang='lat' dir='ltr'>instare</span> <span class='ocrx_word' id='word_1_74' title='bbox 1318 1511 1404 1592; x_wconf 88' lang='lat' dir='ltr'>peri·</span> 
     </span>
     <span class='ocr_line' id='line_1_11' title="bbox 203 1628 466 1710; baseline -0.004 -18"><span class='ocrx_word' id='word_1_75' title='bbox 203 1628 321 1692; x_wconf 91' lang='lat' dir='ltr'>culum</span> <span class='ocrx_word' id='word_1_76' title='bbox 346 1650 466 1710; x_wconf 87' lang='lat' dir='ltr'>gnara:</span> 
     </span>
    </p>

    <p class='ocr_par' dir='ltr' id='par_1_7' title="bbox 202 1747 1403 2168">
     <span class='ocr_line' id='line_1_12' title="bbox 258 1747 1403 1831; baseline 0.001 -22"><span class='ocrx_word' id='word_1_77' title='bbox 258 1747 451 1830; x_wconf 85' lang='lat' dir='ltr'>„Amplecti</span> <span class='ocrx_word' id='word_1_78' title='bbox 484 1749 726 1823; x_wconf 90' lang='lat' dir='ltr'>Britannicum,</span> <span class='ocrx_word' id='word_1_79' title='bbox 759 1749 861 1811; x_wconf 91' lang='lat' dir='ltr'>robur</span> <span class='ocrx_word' id='word_1_80' title='bbox 892 1750 1014 1811; x_wconf 90' lang='lat' dir='ltr'>aetatis</span> <span class='ocrx_word' id='word_1_81' title='bbox 1041 1770 1142 1831; x_wconf 90' lang='lat' dir='ltr'>quam</span> <span class='ocrx_word' id='word_1_82' title='bbox 1169 1749 1403 1811; x_wconf 90' lang='lat' dir='ltr'>maturrimum</span> 
     </span>
     <span class='ocr_line' id='line_1_13' title="bbox 204 1867 1403 1949; baseline 0.003 -22"><span class='ocrx_word' id='word_1_83' title='bbox 204 1867 358 1948; x_wconf 90' lang='lat' dir='ltr'>precari,</span> <span class='ocrx_word' id='word_1_84' title='bbox 395 1868 498 1929; x_wconf 94' lang='lat' dir='ltr'>modo</span> <span class='ocrx_word' id='word_1_85' title='bbox 534 1869 576 1930; x_wconf 90' lang='lat' dir='ltr'>ad</span> <span class='ocrx_word' id='word_1_86' title='bbox 613 1869 697 1931; x_wconf 90' lang='lat' dir='ltr'>deos</span> <span class='ocrx_word' id='word_1_87' title='bbox 732 1869 835 1931; x_wconf 92' lang='lat' dir='ltr'>modo</span> <span class='ocrx_word' id='word_1_88' title='bbox 871 1871 914 1932; x_wconf 91' lang='lat' dir='ltr'>ad</span> <span class='ocrx_word' id='word_1_89' title='bbox 950 1870 1060 1949; x_wconf 93' lang='lat' dir='ltr'>ipsum</span> <span class='ocrx_word' id='word_1_90' title='bbox 1097 1870 1237 1931; x_wconf 89' lang='lat' dir='ltr'>tendere</span> <span class='ocrx_word' id='word_1_91' title='bbox 1274 1888 1403 1944; x_wconf 89' lang='lat' dir='ltr'>manus,</span> 
     </span>
     <span class='ocr_line' id='line_1_14' title="bbox 202 1985 1403 2070; baseline 0.002 -21"><span class='ocrx_word' id='word_1_92' title='bbox 202 1985 429 2062; x_wconf 86' lang='lat' dir='ltr'>adolesceret,</span> <span class='ocrx_word' id='word_1_93' title='bbox 455 1988 560 2069; x_wconf 87' lang='lat' dir='ltr'>patris</span> <span class='ocrx_word' id='word_1_94' title='bbox 584 1988 739 2050; x_wconf 87' lang='lat' dir='ltr'>inimicos</span> <span class='ocrx_word' id='word_1_95' title='bbox 764 1988 960 2070; x_wconf 87' lang='lat' dir='ltr'>depelleret,</span> <span class='ocrx_word' id='word_1_96' title='bbox 989 1990 1104 2051; x_wconf 90' lang='lat' dir='ltr'>matris</span> <span class='ocrx_word' id='word_1_97' title='bbox 1124 1990 1226 2051; x_wconf 90' lang='lat' dir='ltr'>etiam</span> <span class='ocrx_word' id='word_1_98' title='bbox 1249 1989 1403 2051; x_wconf 86' lang='lat' dir='ltr'>intersec-</span> 
     </span>
     <span class='ocr_line' id='line_1_15' title="bbox 203 2105 572 2168; baseline 0.005 -2"><span class='ocrx_word' id='word_1_99' title='bbox 203 2114 300 2167; x_wconf 88' lang='lat' dir='ltr'>tores</span> <span class='ocrx_word' id='word_1_100' title='bbox 324 2105 572 2168; x_wconf 86' lang='lat' dir='ltr'>ulcisceretur.”</span> 
     </span>
    </p>

    <p class='ocr_par' dir='ltr' id='par_1_8' title="bbox 201 2223 1403 3142">
     <span class='ocr_line' id='line_1_16' title="bbox 256 2223 1403 2308; baseline 0.003 -23"><span class='ocrx_word' id='word_1_101' title='bbox 256 2223 345 2286; x_wconf 94' lang='lat' dir='ltr'>Num</span> <span class='ocrx_word' id='word_1_102' title='bbox 382 2225 569 2308; x_wconf 90' lang='lat' dir='ltr'>quidquam</span> <span class='ocrx_word' id='word_1_103' title='bbox 606 2236 657 2288; x_wconf 88' lang='lat' dir='ltr'>est</span> <span class='ocrx_word' id='word_1_104' title='bbox 693 2227 870 2289; x_wconf 89' lang='lat' dir='ltr'>absurdius</span> <span class='ocrx_word' id='word_1_105' title='bbox 905 2246 1008 2307; x_wconf 91' lang='lat' dir='ltr'>quam</span> <span class='ocrx_word' id='word_1_106' title='bbox 1044 2245 1184 2308; x_wconf 92' lang='lat' dir='ltr'>puerum</span> <span class='ocrx_word' id='word_1_107' title='bbox 1220 2226 1403 2290; x_wconf 75' lang='lat' dir='ltr'>adhortari</span> 
     </span>
     <span class='ocr_line' id='line_1_17' title="bbox 203 2344 1400 2427; baseline 0.003 -22"><span class='ocrx_word' id='word_1_108' title='bbox 203 2352 371 2424; x_wconf 91' lang='lat' dir='ltr'>utquam</span> <span class='ocrx_word' id='word_1_109' title='bbox 397 2345 542 2426; x_wconf 92' lang='lat' dir='ltr'>primum</span> <span class='ocrx_word' id='word_1_110' title='bbox 566 2344 761 2409; x_wconf 86' lang='lat' dir='ltr'>adolescat?</span> <span class='ocrx_word' id='word_1_111' title='bbox 788 2346 877 2419; x_wconf 93' lang='lat' dir='ltr'>Non,</span> <span class='ocrx_word' id='word_1_112' title='bbox 903 2354 939 2407; x_wconf 91' lang='lat' dir='ltr'>ut</span> <span class='ocrx_word' id='word_1_113' title='bbox 968 2346 1098 2427; x_wconf 89' lang='lat' dir='ltr'>opinor,</span> <span class='ocrx_word' id='word_1_114' title='bbox 1124 2345 1153 2406; x_wconf 82' lang='grc' dir='ltr'>ἐν</span> <span class='ocrx_word' id='word_1_115' title='bbox 1175 2345 1290 2423; x_wconf 72' lang='grc' dir='ltr'><em>εὐχαῖς</em></span> <span class='ocrx_word' id='word_1_116' title='bbox 1311 2349 1400 2408; x_wconf 78' lang='grc' dir='ltr'><em>τοῦτο</em></span> 
     </span>
     <span class='ocr_line' id='line_1_18' title="bbox 201 2456 1402 2546; baseline 0.002 -21"><span class='ocrx_word' id='word_1_117' title='bbox 201 2456 285 2525; x_wconf 55' lang='grc' dir='ltr'><em>εἶναι</em></span> <span class='ocrx_word' id='word_1_118' title='bbox 306 2461 340 2522; x_wconf 78' lang='grc' dir='ltr'>τὸ</span> <span class='ocrx_word' id='word_1_119' title='bbox 362 2466 502 2538; x_wconf 68' lang='grc' dir='ltr'><strong><em>πρᾶγμα</em></strong></span> <span class='ocrx_word' id='word_1_120' title='bbox 523 2464 645 2527; x_wconf 89' lang='lat' dir='ltr'>callida</span> <span class='ocrx_word' id='word_1_121' title='bbox 666 2465 784 2527; x_wconf 91' lang='lat' dir='ltr'>mulier</span> <span class='ocrx_word' id='word_1_122' title='bbox 806 2463 994 2546; x_wconf 87' lang='lat' dir='ltr'>ignorabat,</span> <span class='ocrx_word' id='word_1_123' title='bbox 1008 2464 1100 2545; x_wconf 92' lang='lat' dir='ltr'>quod</span> <span class='ocrx_word' id='word_1_124' title='bbox 1115 2473 1147 2525; x_wconf 90' lang='lat' dir='ltr'>et</span> <span class='ocrx_word' id='word_1_125' title='bbox 1163 2465 1402 2546; x_wconf 88' lang='lat' dir='ltr'>praecedentia</span> 
     </span>
     <span class='ocr_line' id='line_1_19' title="bbox 202 2581 1402 2665; baseline 0.001 -21"><span class='ocrx_word' id='word_1_126' title='bbox 202 2581 311 2644; x_wconf 84' lang='lat' dir='ltr'>robur</span> <span class='ocrx_word' id='word_1_127' title='bbox 341 2584 462 2646; x_wconf 79' lang='lat' dir='ltr'>aetatis</span> <span class='ocrx_word' id='word_1_128' title='bbox 493 2605 591 2665; x_wconf 88' lang='lat' dir='ltr'>quam</span> <span class='ocrx_word' id='word_1_129' title='bbox 621 2584 861 2646; x_wconf 83' lang='lat' dir='ltr'>maturrimum</span> <span class='ocrx_word' id='word_1_130' title='bbox 881 2583 1022 2665; x_wconf 83' lang='lat' dir='ltr'>precari</span> <span class='ocrx_word' id='word_1_131' title='bbox 1044 2591 1221 2646; x_wconf 87' lang='lat' dir='ltr'>testantur.</span> <span class='ocrx_word' id='word_1_132' title='bbox 1259 2584 1402 2646; x_wconf 90' lang='lat' dir='ltr'>Etiamsi</span> 
     </span>
     <span class='ocr_line' id='line_1_20' title="bbox 202 2702 1401 2785; baseline 0.003 -23"><span class='ocrx_word' id='word_1_133' title='bbox 202 2702 241 2762; x_wconf 92' lang='lat' dir='ltr'>in</span> <span class='ocrx_word' id='word_1_134' title='bbox 284 2702 343 2764; x_wconf 90' lang='lat' dir='ltr'>tali</span> <span class='ocrx_word' id='word_1_135' title='bbox 380 2723 414 2764; x_wconf 88' lang='lat' dir='ltr'>re</span> <span class='ocrx_word' id='word_1_136' title='bbox 452 2703 638 2785; x_wconf 90' lang='lat' dir='ltr'>quidquam</span> <span class='ocrx_word' id='word_1_137' title='bbox 677 2703 848 2764; x_wconf 89' lang='lat' dir='ltr'>monendo</span> <span class='ocrx_word' id='word_1_138' title='bbox 884 2711 917 2762; x_wconf 89' lang='lat' dir='ltr'>et</span> <span class='ocrx_word' id='word_1_139' title='bbox 954 2702 1128 2765; x_wconf 84' lang='lat' dir='ltr'>lncitando</span> <span class='ocrx_word' id='word_1_140' title='bbox 1165 2703 1401 2784; x_wconf 85' lang='lat' dir='ltr'>proficeretur,</span> 
     </span>
     <span class='ocr_line' id='line_1_21' title="bbox 203 2819 1402 2904; baseline 0.002 -23"><span class='ocrx_word' id='word_1_141' title='bbox 203 2829 323 2882; x_wconf 89' lang='lat' dir='ltr'>tamen</span> <span class='ocrx_word' id='word_1_142' title='bbox 348 2829 419 2883; x_wconf 92' lang='lat' dir='ltr'>tam</span> <span class='ocrx_word' id='word_1_143' title='bbox 444 2841 550 2904; x_wconf 90' lang='lat' dir='ltr'>parvo</span> <span class='ocrx_word' id='word_1_144' title='bbox 574 2821 685 2902; x_wconf 92' lang='lat' dir='ltr'>spatio</span> <span class='ocrx_word' id='word_1_145' title='bbox 711 2821 762 2882; x_wconf 91' lang='lat' dir='ltr'>bis</span> <span class='ocrx_word' id='word_1_146' title='bbox 786 2819 931 2882; x_wconf 91' lang='lat' dir='ltr'>eandem</span> <span class='ocrx_word' id='word_1_147' title='bbox 952 2840 1023 2882; x_wconf 89' lang='lat' dir='ltr'>rem</span> <span class='ocrx_word' id='word_1_148' title='bbox 1044 2820 1233 2902; x_wconf 86' lang='lat' dir='ltr'>significare</span> <span class='ocrx_word' id='word_1_149' title='bbox 1254 2821 1402 2903; x_wconf 86' lang='lat' dir='ltr'>eleganti</span> 
     </span>
     <span class='ocr_line' id='line_1_22' title="bbox 204 2939 1402 3022; baseline 0.001 -20"><span class='ocrx_word' id='word_1_150' title='bbox 204 2940 374 3022; x_wconf 89' lang='lat' dir='ltr'>scriptore</span> <span class='ocrx_word' id='word_1_151' title='bbox 399 2940 575 3022; x_wconf 87' lang='lat' dir='ltr'>indignum</span> <span class='ocrx_word' id='word_1_152' title='bbox 600 2939 697 3003; x_wconf 88' lang='lat' dir='ltr'>foret.</span> <span class='ocrx_word' id='word_1_153' title='bbox 727 2939 888 3001; x_wconf 90' lang='lat' dir='ltr'>Facessat</span> <span class='ocrx_word' id='word_1_154' title='bbox 912 2959 992 3021; x_wconf 88' lang='lat' dir='ltr'>ergo</span> <span class='ocrx_word' id='word_1_155' title='bbox 1017 2940 1213 3003; x_wconf 81' lang='lat' dir='ltr'>adolesceret</span> <span class='ocrx_word' id='word_1_156' title='bbox 1236 2960 1287 3014; x_wconf 90' lang='lat' dir='ltr'>eo,</span> <span class='ocrx_word' id='word_1_157' title='bbox 1313 2942 1402 3003; x_wconf 90' lang='lat' dir='ltr'>unde</span> 
     </span>
     <span class='ocr_line' id='line_1_23' title="bbox 206 3058 594 3142; baseline -0.003 -21"><span class='ocrx_word' id='word_1_158' title='bbox 206 3058 296 3121; x_wconf 87' lang='lat' dir='ltr'>male</span> <span class='ocrx_word' id='word_1_159' title='bbox 322 3060 446 3142; x_wconf 91' lang='lat' dir='ltr'>pedem</span> <span class='ocrx_word' id='word_1_160' title='bbox 471 3059 594 3121; x_wconf 90' lang='lat' dir='ltr'>intulit.</span> 
     </span>
    </p>

    <p class='ocr_par' dir='ltr' id='par_1_9' title="bbox 203 3178 1400 3499">
     <span class='ocr_line' id='line_1_24' title="bbox 253 3178 1400 3261; baseline 0.003 -21"><span class='ocrx_word' id='word_1_161' title='bbox 253 3178 297 3241; x_wconf 88' lang='lat' dir='ltr'>A.</span> <span class='ocrx_word' id='word_1_162' title='bbox 319 3179 416 3252; x_wconf 89' lang='lat' dir='ltr'>XIII,</span> <span class='ocrx_word' id='word_1_163' title='bbox 439 3196 490 3259; x_wconf 86' lang='lat'>34.</span> <span class='ocrx_word' id='word_1_164' title='bbox 512 3178 620 3241; x_wconf 87' lang='lat' dir='ltr'>Causa</span> <span class='ocrx_word' id='word_1_165' title='bbox 640 3180 754 3241; x_wconf 90' lang='lat' dir='ltr'>denuo</span> <span class='ocrx_word' id='word_1_166' title='bbox 774 3179 862 3240; x_wconf 91' lang='lat' dir='ltr'>inter</span> <span class='ocrx_word' id='word_1_167' title='bbox 880 3178 1055 3240; x_wconf 91' lang='lat' dir='ltr'>Romanos</span> <span class='ocrx_word' id='word_1_168' title='bbox 1067 3178 1277 3261; x_wconf 88' lang='lat' dir='ltr'>Parthosque</span> <span class='ocrx_word' id='word_1_169' title='bbox 1290 3181 1400 3244; x_wconf 90' lang='lat' dir='ltr'>exorti</span> 
     </span>
     <span class='ocr_line' id='line_1_25' title="bbox 206 3297 1400 3380; baseline 0.003 -20"><span class='ocrx_word' id='word_1_170' title='bbox 206 3297 286 3360; x_wconf 91' lang='lat' dir='ltr'>belli</span> <span class='ocrx_word' id='word_1_171' title='bbox 319 3298 403 3360; x_wconf 89' lang='lat' dir='ltr'>haec</span> <span class='ocrx_word' id='word_1_172' title='bbox 436 3306 519 3371; x_wconf 87' lang='lat' dir='ltr'>erat,</span> <span class='ocrx_word' id='word_1_173' title='bbox 552 3298 644 3378; x_wconf 94' lang='lat' dir='ltr'>quod</span> <span class='ocrx_word' id='word_1_174' title='bbox 669 3298 740 3379; x_wconf 90' lang='lat' dir='ltr'>ipse</span> <span class='ocrx_word' id='word_1_175' title='bbox 766 3297 977 3380; x_wconf 90' lang='lat' dir='ltr'>Vologaeses</span> <span class='ocrx_word' id='word_1_176' title='bbox 1001 3297 1069 3359; x_wconf 89' lang='lat' dir='ltr'>suis</span> <span class='ocrx_word' id='word_1_177' title='bbox 1092 3299 1199 3380; x_wconf 91' lang='lat' dir='ltr'>copiis</span> <span class='ocrx_word' id='word_1_178' title='bbox 1223 3299 1400 3364; x_wconf 88' lang='lat' dir='ltr'>Tiridaten</span> 
     </span>
     <span class='ocr_line' id='line_1_26' title="bbox 203 3417 1191 3499; baseline -0.001 -18"><span class='ocrx_word' id='word_1_179' title='bbox 203 3420 238 3481; x_wconf 93' lang='lat' dir='ltr'>in</span> <span class='ocrx_word' id='word_1_180' title='bbox 265 3418 451 3480; x_wconf 78' lang='lat' dir='ltr'>Armeniae</span> <span class='ocrx_word' id='word_1_181' title='bbox 476 3437 617 3498; x_wconf 91' lang='lat' dir='ltr'>regnum</span> <span class='ocrx_word' id='word_1_182' title='bbox 642 3418 811 3479; x_wconf 89' lang='lat' dir='ltr'>deducere</span> <span class='ocrx_word' id='word_1_183' title='bbox 836 3417 996 3499; x_wconf 90' lang='lat' dir='ltr'>cupiebat</span> <span class='ocrx_word' id='word_1_184' title='bbox 1021 3426 1056 3479; x_wconf 89' lang='lat' dir='ltr'>et</span> <span class='ocrx_word' id='word_1_185' title='bbox 1079 3419 1191 3499; x_wconf 87' lang='lat' dir='ltr'>quod:</span> 
     </span>
    </p>

    <p class='ocr_par' dir='ltr' id='par_1_10' title="bbox 205 3535 1403 3857">
     <span class='ocr_line' id='line_1_27' title="bbox 255 3535 1401 3617; baseline 0.002 -18"><span class='ocrx_word' id='word_1_186' title='bbox 255 3536 430 3616; x_wconf 81' lang='lat' dir='ltr'>„Armenii</span> <span class='ocrx_word' id='word_1_187' title='bbox 451 3535 610 3616; x_wconf 90' lang='lat' dir='ltr'>ambigua</span> <span class='ocrx_word' id='word_1_188' title='bbox 628 3535 695 3598; x_wconf 86' lang='lat' dir='ltr'>tide</span> <span class='ocrx_word' id='word_1_189' title='bbox 714 3546 856 3617; x_wconf 87' lang='lat' dir='ltr'>utraque</span> <span class='ocrx_word' id='word_1_190' title='bbox 876 3555 969 3598; x_wconf 86' lang='lat' dir='ltr'>arma</span> <span class='ocrx_word' id='word_1_191' title='bbox 987 3536 1193 3611; x_wconf 90' lang='lat' dir='ltr'>invitabant,</span> <span class='ocrx_word' id='word_1_192' title='bbox 1212 3538 1279 3599; x_wconf 89' lang='lat' dir='ltr'>situ</span> <span class='ocrx_word' id='word_1_193' title='bbox 1297 3547 1401 3601; x_wconf 88' lang='lat' dir='ltr'>terra·</span> 
     </span>
     <span class='ocr_line' id='line_1_28' title="bbox 205 3654 1403 3740; baseline 0.001 -21"><span class='ocrx_word' id='word_1_194' title='bbox 205 3678 290 3730; x_wconf 88' lang='lat' dir='ltr'>rum,</span> <span class='ocrx_word' id='word_1_195' title='bbox 313 3654 534 3718; x_wconf 90' lang='lat' dir='ltr'>similitudine</span> <span class='ocrx_word' id='word_1_196' title='bbox 557 3675 689 3717; x_wconf 88' lang='lat' dir='ltr'>morum</span> <span class='ocrx_word' id='word_1_197' title='bbox 711 3654 842 3717; x_wconf 88' lang='lat' dir='ltr'>Parthis</span> <span class='ocrx_word' id='word_1_198' title='bbox 864 3655 1040 3736; x_wconf 86' lang='lat' dir='ltr'>propiores</span> <span class='ocrx_word' id='word_1_199' title='bbox 1061 3656 1305 3739; x_wconf 90' lang='lat' dir='ltr'>connubiisque</span> <span class='ocrx_word' id='word_1_200' title='bbox 1328 3679 1403 3740; x_wconf 89' lang='lat' dir='ltr'>per·</span> 
     </span>
     <span class='ocr_line' id='line_1_29' title="bbox 205 3774 1401 3857; baseline 0.002 -18"><span class='ocrx_word' id='word_1_201' title='bbox 205 3776 305 3839; x_wconf 86' lang='lat' dir='ltr'>mixti</span> <span class='ocrx_word' id='word_1_202' title='bbox 326 3796 366 3838; x_wconf 90' lang='lat' dir='ltr'>ac</span> <span class='ocrx_word' id='word_1_203' title='bbox 384 3776 541 3838; x_wconf 91' lang='lat' dir='ltr'>libertate</span> <span class='ocrx_word' id='word_1_204' title='bbox 562 3777 679 3857; x_wconf 90' lang='lat' dir='ltr'>ignota</span> <span class='ocrx_word' id='word_1_205' title='bbox 698 3775 786 3837; x_wconf 80' lang='lat' dir='ltr'>illud</span> <span class='ocrx_word' id='word_1_206' title='bbox 800 3774 905 3855; x_wconf 87' lang='lat' dir='ltr'>magis</span> <span class='ocrx_word' id='word_1_207' title='bbox 921 3776 964 3836; x_wconf 93' lang='lat' dir='ltr'>ad</span> <span class='ocrx_word' id='word_1_208' title='bbox 979 3775 1153 3837; x_wconf 89' lang='lat' dir='ltr'>servitium</span> <span class='ocrx_word' id='word_1_209' title='bbox 1166 3777 1401 3841; x_wconf 77' lang='lat' dir='ltr'>inclinantes”</span> 
     </span>
    </p>

    <p class='ocr_par' dir='ltr' id='par_1_11' title="bbox 205 3895 1404 4459">
     <span class='ocr_line' id='line_1_30' title="bbox 252 3895 1401 3978; baseline 0.003 -19"><span class='ocrx_word' id='word_1_210' title='bbox 252 3895 309 3960; x_wconf 90' lang='lat' dir='ltr'>Sic</span> <span class='ocrx_word' id='word_1_211' title='bbox 341 3895 495 3978; x_wconf 78' lang='lat' dir='ltr'>LipsiuS,</span> <span class='ocrx_word' id='word_1_212' title='bbox 527 3916 629 3978; x_wconf 90' lang='lat' dir='ltr'>quem</span> <span class='ocrx_word' id='word_1_213' title='bbox 662 3896 814 3978; x_wconf 89' lang='lat' dir='ltr'>plerique</span> <span class='ocrx_word' id='word_1_214' title='bbox 847 3902 1033 3976; x_wconf 89' lang='lat' dir='ltr'>sequuntur</span> <span class='ocrx_word' id='word_1_215' title='bbox 1065 3896 1222 3971; x_wconf 66' lang='lat' dir='ltr'>editores</span> <span class='ocrx_word' id='word_1_216' title='bbox 1257 3919 1335 3961; x_wconf 91' lang='lat' dir='ltr'>nam</span> <span class='ocrx_word' id='word_1_217' title='bbox 1367 3900 1401 3962; x_wconf 93' lang='lat' dir='ltr'>in</span> 
     </span>
     <span class='ocr_line' id='line_1_31' title="bbox 205 4013 1401 4100; baseline 0.003 -22"><span class='ocrx_word' id='word_1_218' title='bbox 205 4016 326 4078; x_wconf 91' lang='lat' dir='ltr'>codice</span> <span class='ocrx_word' id='word_1_219' title='bbox 347 4023 399 4076; x_wconf 88' lang='lat' dir='ltr'>est</span> <span class='ocrx_word' id='word_1_220' title='bbox 419 4013 508 4077; x_wconf 84' lang='lat' dir='ltr'>illuc.</span> <span class='ocrx_word' id='word_1_221' title='bbox 534 4014 601 4078; x_wconf 87' lang='lat' dir='ltr'>Sed</span> <span class='ocrx_word' id='word_1_222' title='bbox 622 4015 710 4078; x_wconf 83' lang='lat' dir='ltr'>illud</span> <span class='ocrx_word' id='word_1_223' title='bbox 727 4015 775 4076; x_wconf 88' lang='lat' dir='ltr'>ad</span> <span class='ocrx_word' id='word_1_224' title='bbox 791 4014 965 4076; x_wconf 81' lang='lat' dir='ltr'>seruitium</span> <span class='ocrx_word' id='word_1_225' title='bbox 980 4033 1089 4093; x_wconf 89' lang='lat' dir='ltr'>neque</span> <span class='ocrx_word' id='word_1_226' title='bbox 1102 4015 1276 4096; x_wconf 84' lang='lat' dir='ltr'>eleganter</span> <span class='ocrx_word' id='word_1_227' title='bbox 1290 4039 1401 4100; x_wconf 89' lang='lat' dir='ltr'>neque</span> 
     </span>
     <span class='ocr_line' id='line_1_32' title="bbox 206 4133 1400 4216; baseline 0.005 -21"><span class='ocrx_word' id='word_1_228' title='bbox 206 4134 385 4216; x_wconf 89' lang='lat' dir='ltr'>perspicue</span> <span class='ocrx_word' id='word_1_229' title='bbox 421 4153 542 4214; x_wconf 88' lang='lat' dir='ltr'>neque,</span> <span class='ocrx_word' id='word_1_230' title='bbox 578 4135 672 4215; x_wconf 93' lang='lat' dir='ltr'>quod</span> <span class='ocrx_word' id='word_1_231' title='bbox 708 4133 943 4215; x_wconf 87' lang='lat' dir='ltr'>gravissimum</span> <span class='ocrx_word' id='word_1_232' title='bbox 980 4141 1040 4206; x_wconf 92' lang='lat' dir='ltr'>est,</span> <span class='ocrx_word' id='word_1_233' title='bbox 1077 4144 1233 4199; x_wconf 86' lang='lat' dir='ltr'>accurate</span> <span class='ocrx_word' id='word_1_234' title='bbox 1269 4138 1400 4201; x_wconf 90' lang='lat' dir='ltr'>dictum</span> 
     </span>
     <span class='ocr_line' id='line_1_33' title="bbox 207 4250 1400 4340; baseline 0.006 -27"><span class='ocrx_word' id='word_1_235' title='bbox 207 4254 351 4315; x_wconf 91' lang='lat' dir='ltr'>videtur.</span> <span class='ocrx_word' id='word_1_236' title='bbox 385 4251 463 4314; x_wconf 92' lang='lat' dir='ltr'>Non</span> <span class='ocrx_word' id='word_1_237' title='bbox 495 4263 637 4334; x_wconf 90' lang='lat' dir='ltr'>possunt</span> <span class='ocrx_word' id='word_1_238' title='bbox 669 4253 758 4315; x_wconf 94' lang='lat' dir='ltr'>enim</span> <span class='ocrx_word' id='word_1_239' title='bbox 790 4252 854 4313; x_wconf 93' lang='lat' dir='ltr'>hoc</span> <span class='ocrx_word' id='word_1_240' title='bbox 887 4250 963 4313; x_wconf 96' lang='lat' dir='ltr'>loco</span> <span class='ocrx_word' id='word_1_241' title='bbox 995 4252 1063 4314; x_wconf 91' lang='lat' dir='ltr'>duo</span> <span class='ocrx_word' id='word_1_242' title='bbox 1096 4253 1183 4316; x_wconf 91' lang='lat' dir='ltr'>inter</span> <span class='ocrx_word' id='word_1_243' title='bbox 1210 4276 1245 4316; x_wconf 91' lang='lat' dir='ltr'>se</span> <span class='ocrx_word' id='word_1_244' title='bbox 1269 4260 1400 4340; x_wconf 94' lang='lat' dir='ltr'>opponi</span> 
     </span>
     <span class='ocr_line' id='line_1_34' title="bbox 206 4368 1404 4459; baseline 0.008 -26"><span class='ocrx_word' id='word_1_245' title='bbox 206 4372 353 4444; x_wconf 89' lang='lat' dir='ltr'>servitia,</span> <span class='ocrx_word' id='word_1_246' title='bbox 385 4372 478 4454; x_wconf 91' lang='lat' dir='ltr'>quod</span> <span class='ocrx_word' id='word_1_247' title='bbox 511 4380 626 4434; x_wconf 91' lang='lat' dir='ltr'>tamen</span> <span class='ocrx_word' id='word_1_248' title='bbox 659 4371 764 4445; x_wconf 89' lang='lat' dir='ltr'>fieret,</span> <span class='ocrx_word' id='word_1_249' title='bbox 797 4371 823 4431; x_wconf 93' lang='lat' dir='ltr'>si</span> <span class='ocrx_word' id='word_1_250' title='bbox 856 4368 1011 4431; x_wconf 89' lang='lat' dir='ltr'>Armenii</span> <span class='ocrx_word' id='word_1_251' title='bbox 1043 4373 1086 4434; x_wconf 89' lang='lat' dir='ltr'>ad</span> <span class='ocrx_word' id='word_1_252' title='bbox 1117 4385 1242 4437; x_wconf 83' lang='lat' dir='ltr'>certum</span> <span class='ocrx_word' id='word_1_253' title='bbox 1265 4376 1404 4459; x_wconf 79' lang='lat' dir='ltr'>aliquod</span> 
     </span>
    </p>
   </div>
   <div class='ocr_carea' id='block_1_5' title="bbox 0 0 1610 5274">
    <p class='ocr_par' dir='ltr' id='par_1_12' title="bbox 0 0 1610 5274">
     <span class='ocr_line' id='line_1_35' title="bbox 0 0 1610 5274; baseline 0 0"><span class='ocrx_word' id='word_1_254' title='bbox 0 0 1610 5274; x_wconf 95' lang='lat' dir='ltr'> </span> 
     </span>
    </p>
   </div>
  </div>
 </body>
</html>
