3210 5274
771 393 832 455 126

201 571 332 646 Pisone,
360 571 466 634 nobili
489 592 528 634 ac
553 571 655 635 seroci
680 573 763 634 viro.
788 573 820 634 Is
844 591 1002 652 namque,
1026 578 1064 633 ut
1088 568 1200 642 retuli,
1226 586 1388 630 cessurum

199 712 235 753 se
268 691 350 753 urbe
381 691 425 753 ob
458 690 622 755 sactiones
653 699 888 755 accusatorum
919 691 953 753 in
984 698 1104 752 senatu
1129 684 1387 752 clamitaverat”.

202 810 304 873 Mitto
340 830 428 873 nunc
462 812 554 892 quod
587 811 810 874 nostroloco
843 831 911 873 non
947 807 1102 890 „retulit”
1133 808 1217 870 illud
1249 807 1388 879 Tacitus,

200 939 292 993 certe
324 950 391 992 non
423 930 524 1012 plane
555 933 646 993 idem
656 958 663 1007 ;
696 932 755 993 sed
780 939 921 1013 propter
945 929 1025 993 illud
1055 928 1243 1009 „factiones
1266 945 1388 989 accusa·

200 1049 336 1114 torum'’
359 1051 520 1132 suspicari
545 1051 671 1132 incipio
697 1051 854 1113 Pisonem
878 1051 946 1113 iam
969 1058 1041 1112 tum
1065 1049 1212 1111 sensisse
1236 1022 1388 1128 quantlim

200 1170 264 1232 sibi
286 1170 363 1232 mali
385 1190 404 1232 a
425 1170 633 1233 delatoribus
654 1179 743 1233 esset
763 1172 1032 1253 exspectandum
1054 1170 1097 1252 (v.
1115 1188 1205 1249 quae
1219 1168 1263 1230 de
1277 1165 1388 1229 Granio

202 1298 378 1352 narrantur
410 1289 471 1364 IV,
497 1289 561 1371 21),
591 1310 740 1371 ergoque
764 1289 954 1372 postulasse
977 1297 1015 1350 ut
1038 1306 1159 1349 severo
1183 1294 1387 1349 senatuscon-

201 1409 290 1472 sulto
325 1409 462 1471 obviam
497 1409 537 1471 iis
572 1409 685 1484 iretur,
720 1411 813 1490 quod
849 1429 927 1472 cum
958 1409 1142 1490 impetrare
1173 1427 1244 1470 non
1277 1412 1385 1488 posset,

202 1529 323 1590 exiisse
348 1549 425 1591 eum
451 1549 469 1590 e
493 1538 623 1591 senatu.
650 1564 652 1568 ·

247 1647 290 1709 A.
311 1648 373 1722 Ill,
396 1647 446 1728 36.
472 1648 593 1728 ,Exim
614 1657 821 1730 promptum,
843 1648 935 1730 quod
957 1647 1142 1711 multorum
1159 1646 1289 1708 intimis
1305 1661 1384 1726 ques

202 1768 293 1830 tibus
328 1768 518 1848 tegebatur.
554 1769 740 1831 Incedebat
771 1768 862 1831 enim
895 1768 1078 1830 deterrimo
1109 1767 1235 1847 cuique
1266 1763 1385 1828 licentia

202 1889 342 1969 impune
362 1887 487 1968 probra
506 1896 540 1949 et
561 1888 723 1950 invidiam
744 1888 778 1949 in
799 1888 909 1950 bonos
922 1886 1093 1949 excitandi
1105 1893 1245 1967 arrepta
1258 1883 1387 1964 imagine

202 2005 369 2080 Caesaris;
390 2005 607 2088 libertinique
628 2007 731 2069 etiam
751 2026 790 2069 ac
811 2007 910 2081 servi,
932 2014 1078 2088 patrono
1095 2003 1150 2066 vel
1168 2004 1311 2066 domino
1326 2016 1389 2065 cum

203 2145 314 2199 voces,
341 2145 417 2187 cum
442 2146 561 2188 manus
585 2127 803 2200 intentarent,
829 2125 918 2188 ultro
942 2122 1216 2188 metuebantur’'.

249 2244 351 2306 Haud
379 2244 471 2307 leves
497 2243 668 2307 molestias
693 2244 774 2306 mihi
801 2244 940 2326 quidem
964 2242 1131 2306 vocabula
1155 2253 1300 2324 arrepta
1324 2242 1396 2304 ima·

200 2364 280 2446 gine
306 2362 462 2426 Caesaris
485 2363 660 2425 exhibent.
684 2361 719 2426 Si
744 2364 787 2425 de
809 2383 888 2426 vera
908 2363 1022 2443 aliqua
1042 2360 1194 2426 Caesaris
1216 2361 1402 2442 cogitamus

205 2483 361 2562 imagine,
382 2483 425 2544 ad
446 2502 549 2562 quam
570 2482 623 2544 isti
645 2482 800 2545 homines
817 2491 993 2564 tamquam
1010 2482 1052 2544 ad
1070 2502 1173 2555 aram,
1191 2480 1406 2562 confugiunt,

204 2601 268 2662 hoc
301 2601 387 2662 male
419 2622 480 2664 nos
512 2601 626 2676 habet,
658 2604 751 2683 quod
776 2601 830 2664 hic
855 2622 967 2665 sermo
992 2621 1060 2664 non
1085 2609 1136 2663 est
1161 2601 1204 2663 de
1231 2600 1413 2667 maleficis.

203 2719 261 2801 qui
287 2730 479 2803 perpetrato
510 2722 577 2784 iam
600 2723 760 2804 facinore
787 2722 970 2803 imaginem
994 2720 1147 2785 Caesaris
1170 2721 1341 2802 arripiant
1366 2737 1415 2783 ne

205 2840 315 2921 puniri
348 2841 488 2921 possint,
521 2841 579 2902 sed
609 2842 652 2903 de
676 2841 724 2914 iis,
750 2841 807 2923 qui
832 2861 922 2923 pone
946 2840 1121 2922 quoddam
1145 2839 1255 2902 latent
1281 2861 1427 2923 propu‘

206 2960 396 3041 gnaculum,
431 2961 520 3021 unde
552 2960 690 3041 impune
722 2969 918 3042 perpetrare
950 2961 1082 3042 possint
1112 2960 1205 3040 quod
1230 2959 1266 3021 in
1290 2961 1425 3023 animo

206 3079 344 3141 habent.
367 3078 425 3141 Sin
446 3079 588 3160 figurate
609 3101 649 3142 ea
670 3081 773 3143 verba
792 3081 978 3162 accipimus
994 3088 1031 3143 ut
1049 3081 1204 3163 arripere
1223 3081 1426 3164 imaginent

209 3197 364 3261 Caesaris
396 3199 455 3259 sit:
482 3198 634 3261 Caesaris
659 3200 795 3262 nomine
819 3208 996 3282 tamquam
1020 3199 1135 3282 aliquo
1159 3198 1207 3262 uti
1232 3200 1418 3264 terricula-

207 3325 334 3390 mento,
366 3317 446 3390 sive,
480 3326 516 3379 ut
547 3338 618 3380 rem
650 3319 759 3400 ipsam
791 3339 893 3399 quam
921 3319 1132 3401 apertissime
1156 3317 1411 3399 significemus:

209 3435 338 3514 „laesae
360 3436 545 3497 maiestatis
566 3437 685 3499 minari
705 3437 865 3512 crimen”,
883 3438 964 3519 quid
986 3458 1054 3519 quo
1071 3437 1261 3501 reserantur
1277 3439 1414 3503 habent

205 3556 288 3618 haec
312 3556 417 3618 verba
441 3555 477 3618 C.
503 3555 616 3629 Cestii,
639 3557 696 3636 qui
717 3557 845 3638 primus
865 3557 1070 3620 sententiam
1090 3556 1189 3619 dicit:
1213 3559 1413 3642 ,principes

205 3676 343 3756 quidem
368 3678 473 3738 instar
497 3678 637 3738 deorum
662 3697 751 3751 esse;
776 3678 836 3739 sed
863 3698 973 3760 neque
993 3699 1013 3740 a
1033 3678 1097 3741 diis
1118 3679 1179 3740 nisi
1200 3679 1308 3743 iustas
1329 3702 1410 3765 sup·

206 3794 331 3875 plicum
356 3815 473 3875 preces
498 3796 617 3868 audiri,
643 3816 753 3876 neque
778 3816 985 3877 quemquam
1010 3797 1044 3859 in
1066 3796 1273 3879 Capitolium
1295 3800 1409 3865 aliave

206 3914 297 3975 urbis
321 3914 449 3995 templa
473 3914 660 3994 perfugere,
687 3922 723 3975 ut
748 3934 788 3976 eo
812 3915 964 3977 subsidio
987 3915 1031 3978 ad
1056 3914 1183 3998 flagitia
1208 3919 1365 3982 utatur”?

252 4033 310 4106 Ill,
332 4034 386 4111 46.
407 4033 444 4094 In
465 4033 711 4094 tumultuantes
731 4032 846 4096 Gallos
868 4034 983 4115 copias
1002 4036 1151 4098 educens
1169 4034 1271 4100 Silius
1285 4047 1320 4102 et
1333 4039 1409 4103 aliis

206 4152 318 4214 verbis
342 4153 509 4233 significat
534 4151 633 4234 plane
659 4154 930 4215 contemnendos
954 4173 1026 4216 esse
1052 4154 1167 4217 hostes
1191 4164 1226 4218 et
1250 4156 1362 4221 hisce:

255 4269 412 4351 ,Quanto
431 4272 573 4352 pecunia
587 4272 675 4332 dites
688 4279 722 4331 et
735 4270 968 4352 voluptatibus
981 4274 1173 4355 opulentos,
1186 4284 1286 4340 tanto
1299 4279 1407 4361 magis

208 4366 361 4451 imbelles
385 4390 526 4452 Aeduos
550 4390 697 4452 evincite
721 4398 755 4451 et
780 4389 987 4473 fugientibus
1010 4393 1211 4458 consulite”.
