1060 1467
518 161 550 178 ²37

256 202 289 218 Hic
305 202 379 223 primum
391 202 462 218 dubium
475 207 508 218 non
521 204 547 218 est
559 202 671 222 quin,verum
683 202 745 218 viderit
758 202 835 218 Ritterus

230 238 286 249 vocem
302 237 340 248 eam
356 237 391 248 non
407 232 514 253 imperatoris
530 232 560 248 sed
574 232 629 248 fratris
641 232 677 248 eius
690 232 746 251 fuisse,
758 237 833 252 ergoque

231 262 252 278 L,
262 262 325 278 Vitellii
334 267 371 278 esse
381 262 481 282 legendum:
493 267 532 278 narn
542 262 555 277 si
566 262 588 277 ab
599 262 635 283 ipsu
646 262 748 282 imperatore
758 261 833 278 crudelia

231 292 261 308 illa
271 292 323 308 verba
333 292 443 312 pronuntiata
453 292 528 310 fuissent,
540 291 561 307 nil
572 296 615 312 opus
625 291 684 307 suisset
693 291 726 307 alia
732 294 833 312 argumenta

231 321 292 337 afferre
305 322 326 337 ad
337 322 488 337 demonstrandum
499 321 581 337 credibile
591 326 627 337 esse
638 321 682 337 illius
692 322 736 337 iussu
747 327 838 343 venenum*

231 351 299 367 datum:
310 356 351 372 prae
361 351 393 367 illis
403 352 448 367 enim
458 351 499 367 haec
506 352 599 367 admodum
606 351 673 367 infirma
679 352 732 368 videri
739 352 832 368 debebant.

232 381 268 397 Iam
284 382 330 402 quod
346 382 367 397 ad
383 381 476 397 absurdum
488 381 529 397 illud
542 381 592 397 nobili
601 382 664 402 gaudia
677 382 755 402 pertinet,
768 387 799 402 pru
811 386 832 397 eo

231 411 302 427 nutabili
314 411 377 432 gaudio
393 411 434 432 legit
450 411 531 430 Faernus,
544 411 642 427 coniectura
653 411 785 432 elegantissima,
798 417 832 432 qua

231 443 290 457 tamen
306 441 347 457 mihi
363 441 410 457 locus
426 441 442 457 in
455 442 540 462 integrum
552 441 617 457 restitui
630 446 664 457 non
677 441 749 457 videtur.
762 441 832 457 Etenim

231 471 277 487 istud
285 471 355 487 notabili
361 471 425 492 gaudio
435 471 513 487 Blaesum
523 471 592 487 videnda
602 473 667 487 temere
677 471 773 487 deiicientis
779 472 832 487 verba

232 501 286 521 magis
301 503 327 516 est
343 506 394 521 quam
410 501 497 522 eleganter
513 501 598 520 struentis,
610 503 633 520 et,
646 506 684 517 cum
697 501 766 517 alterius
777 501 833 517 fratris

231 531 285 547 verba
295 531 377 552 gaudium
390 531 471 547 testantia
483 536 615 550 commemoras,
628 531 700 547 aiterum
713 537 781 552 quoque
789 537 833 553 gau-

231 561 295 577 dentem
313 561 394 577 exhibere
411 561 507 581 legentibus
524 561 588 582 puerile
604 561 677 577 videtur*
695 561 775 582 Suspicor
791 562 832 577 olim

231 591 315 612 scriptum
331 591 381 607 fuisse
396 591 466 612 ignobili
478 591 542 612 gaudio
553 600 575 603 -—
587 596 621 607 non
637 596 647 607 a
659 591 726 610 Tacito,
739 597 797 607 verum
809 591 832 607 ab

231 620 294 641 aliquo,
311 621 340 641 qui
353 621 397 636 istud
411 621 430 636 L.
443 621 507 637 Vitellii
520 621 578 641 legens
590 621 655 637 dictum
667 621 754 637 continere
767 626 785 637 se
797 626 831 637 non

231 652 295 671 posset,
312 651 353 671 quin
369 656 408 666 eurn
423 650 480 671 aliqua
497 653 538 666 nota
553 653 659 671 aspergeret:
672 651 694 667 ad
707 656 767 667 vocem
780 651 831 670 enim,

231 685 275 700 quae
291 682 317 696 est
330 680 402 701 pavisse.
418 680 523 701 adscriptum
540 680 581 696 illud
596 680 665 701 ignobili
678 681 741 701 gaudio
753 680 831 697 arbitror.

231 709 257 725 De
275 710 379 730 imperatore
396 715 437 730 ergo
454 710 496 726 haec
514 710 560 726 dicta
578 712 651 726 restant:
670 710 746 730 „addidit
762 710 831 727 facinori

231 740 282 756 fldem
300 740 378 756 Blaesum
394 740 482 759 visendo,'¹
496 745 540 761 quae
552 745 603 761 quam
615 741 683 761 egregie
696 741 712 756 in
724 743 778 756 totam
791 746 831 757 cun-

231 770 300 786 veniant
311 770 425 786 narrationem
436 770 491 790 quivis
501 770 588 791 perspicit,
598 770 627 790 qui
634 770 733 786 ultimorum
739 770 831 791 Agricolae

231 800 307 821 capitum
320 805 385 816 mernor
397 802 428 819 est,
441 805 450 816 e
462 800 524 820 quibus
536 800 578 816 haec
589 800 696 821 potissimum
706 800 759 816 affero
768 801 788 821 (c.
795 801 831 821 43):

232 829 323 850 ,Ceterum
341 835 371 850 per
387 835 455 846 omnem
472 830 584 846 valitudinem
599 830 635 846 eius
650 830 725 846 crebrius
742 832 792 851 quarn
809 835 831 846 ex

231 865 279 876 more
292 861 396 881 principatus
409 865 439 881 per
451 860 519 876 nuntios
532 860 601 876 visentis
614 862 630 876 et
643 860 742 876 libertorum
753 861 802 881 primi
813 863 831 876 et

231 890 337 906 medicorum
348 890 402 906 intimi
413 895 480 908 venere,
491 890 526 905 sive
537 895 576 905 cura
587 889 627 906 illud
638 890 673 905 sive
684 890 771 911 inquisitio
777 890 831 906 erat.''

254 920 276 936 H⁴
287 920 318 939 111,
329 924 356 940 4¹—
369 920 458 936 Vitellium
468 920 501 936 iam
512 920 588 940 prodidit
598 920 658 936 Bassus
665 920 722 936 classis
729 920 830 941 praefectus,

230 950 265 965 iam
280 950 302 965 ab
319 955 339 965 eo
355 950 418 965 defecit
434 949 516 968 Caecinam
533 949 611 965 Valentis
623 950 689 969 milites,
702 950 748 970 quod
761 950 830 966 unicum

231 980 267 996 eius
277 980 385 1001 praesidium,
396 985 451 1000 neque
462 980 506 996 bello
517 985 567 1000 pares
576 982 624 995 erant
635 985 690 1000 neque
699 980 775 1001 integrae
781 980 830 996 fidei:

255 1010 320 1031 ,pudor
335 1012 393 1025 tamen
409 1012 427 1025 et
443 1010 536 1030 praesentis
552 1009 600 1025 ducis
615 1010 710 1025 reverentia
726 1010 830 1029 morabatur,

230 1040 276 1056 haud
292 1040 372 1055 diuturna
388 1039 443 1055 vincla
455 1040 501 1060 apud
513 1040 573 1055 avidos
585 1039 698 1060 periculorum
710 1042 728 1056 et
740 1040 829 1056 dedecoris

229 1069 316 1086 muroe”

254 1099 286 1116 Pro
295 1100 369 1116 absurdo
379 1100 411 1116 isto
421 1099 479 1115 avidos
488 1099 564 1115 Faernus
570 1099 643 1115 coniecit
647 1100 722 1120 pavidos,
730 1101 828 1119 rectissime,

314 1134 325 1146 ο
335 1131 352 1145 et
358 1130 473 1150 [anicularum
483 1129 575 1148 deleamus,
585 1129 637 1149 quod,
648 1134 687 1145 curn
697 1130 749 1146 semei
756 1131 828 1151 pavidos

349 1159 359 1163 ““
378 1162 400 1178 et,
410 1165 421 1176 a
429 1159 524 1175 semidocto
534 1159 603 1175 homine
614 1161 640 1175 est
649 1160 754 1181 adscriptum
765 1165 786 1176 ne
795 1166 829 1176 vox
