3210 5274
805 259 862 325 1²5

226 431 262 486 et
287 425 412 487 cedere
436 424 530 499 urbe,
555 423 723 487 victurum
748 423 782 486 in
807 424 921 505 aliquo
946 425 1065 487 abdito
1089 433 1123 488 et
1147 424 1335 507 longinquo
1355 446 1429 488 rure

226 542 435 618 testabatur,
457 541 556 606 simul
577 543 704 605 curiam
726 542 950 624 relinquebat.
972 541 1172 606 Commotus
1192 552 1243 606 est
1263 543 1429 617 Tiberius,

227 671 263 725 et
282 683 493 744 quamquam
515 662 627 725 verbis
645 661 801 725 Pisonem
815 662 1055 745 permulsisset‚
1070 663 1280 746 propinquos
1293 684 1429 746 quoque

227 781 300 844 eius
325 780 471 864 impulit,
496 789 533 843 ut
557 781 741 845 abeuntem
761 783 965 846 auctoritate
988 781 1041 845 vel
1063 783 1219 864 precibus
1239 782 1429 845 tenerent”.

272 898 402 963 Deesse
426 900 610 963 narrationi
634 900 763 983 aliquid
787 910 845 965 aut
870 910 979 965 totam
1004 922 1087 976 rem,
1112 922 1214 984 quam
1238 901 1329 984 apud
1349 922 1427 964 auc·

226 1027 319 1083 tores
350 1040 430 1083 suos
457 1020 643 1097 invenerat,
668 1041 736 1083 non
761 1021 969 1085 intellexisse
994 1021 1151 1084 Tacitum
1176 1021 1257 1083 mihi
1282 1029 1428 1084 constat.

228 1137 317 1201 Nam
342 1139 408 1202 hoc
431 1139 571 1221 quidem
595 1139 783 1202 admodum
807 1139 980 1215 credibile,
1004 1160 1143 1221 gravem
1164 1140 1310 1221 aliquem
1332 1160 1427 1203 sena·

226 1265 349 1334 torem,
381 1278 460 1321 cum
490 1278 594 1341 saepe
619 1260 661 1322 de
685 1261 853 1342 corruptis
877 1259 1028 1322 moribus
1052 1267 1218 1341 ageretur,
1243 1260 1435 1323 excessisse·

229 1376 429 1441 relationem
454 1386 488 1440 et
512 1378 556 1440 de
581 1378 673 1440 omni
697 1398 822 1460 genere
842 1378 1013 1452 vitiorum,
1034 1398 1097 1440 nec
1117 1378 1160 1441 de
1180 1399 1222 1440 eo
1241 1377 1314 1441 solo
1333 1380 1426 1460 quod

228 1504 308 1560 tunc
329 1497 558 1560 coercendum
579 1517 652 1560 esse
673 1497 860 1572 dicebatur,
881 1505 1107 1579 conquestum
1128 1516 1200 1560 esse
1208 1525 1215 1573 ;
1235 1518 1345 1580 neque
1363 1497 1427 1560 hoc

228 1625 393 1680 anatura
424 1618 471 1679 rei
502 1616 651 1680 alienum
683 1636 760 1679 eum
793 1616 866 1698 ipsa
896 1617 1086 1698 argumenti
1118 1617 1303 1679 acerbitate
1327 1616 1428 1679 solito

229 1737 337 1817 magis
359 1745 570 1799 commotum
592 1744 626 1799 et
646 1736 720 1799 aliis
739 1756 835 1799 usum
857 1755 930 1799 esse
950 1735 1113 1799 orationis
1133 1735 1279 1798 flosculis
1296 1745 1330 1799 et
1346 1737 1426 1800 hoc:

230 1856 282 1936 ,in
316 1865 387 1919 tam
419 1865 579 1939 corrupta
610 1856 692 1918 urbe
726 1857 840 1919 vivere
873 1876 926 1918 me
958 1857 1085 1930 taedet,
1120 1855 1273 1937 migrabo
1307 1858 1340 1919 in
1372 1877 1426 1918 rus

226 1975 366 2057 aliquod
390 1974 499 2038 solum
524 1984 558 2039 et
582 1974 787 2051 desertum'’;
812 1977 1017 2058 quinetiam
1039 1973 1425 2056 fingerepossumstre·

226 2114 333 2157 nuum
363 2093 458 2157 illum
489 2104 660 2157 oratorem
691 2095 725 2156 in
758 2093 824 2158 fine
856 2095 1045 2157 sententiae
1074 2095 1269 2168 surrexisse,
1293 2094 1424 2170 abiisse,

224 2213 344 2276 valvas
367 2213 479 2276 curiae
503 2233 571 2276 non
595 2215 668 2276 sinc
693 2233 818 2295 magno
842 2215 984 2295 strepitu
1009 2213 1193 2295 impulisse,
1217 2215 1277 2276 sed
1299 2213 1424 2296 fingere

223 2352 295 2395 non
329 2351 478 2414 possum,
505 2333 532 2395 si
564 2334 612 2397 sic
643 2353 696 2395 res
718 2353 755 2395 se
779 2332 908 2406 habuit,
933 2334 1043 2415 ipsum
1068 2333 1149 2396 illud
1173 2334 1321 2396 abeundi
1346 2354 1425 2397 con·

220 2449 338 2513 silium
369 2459 404 2513 et
435 2471 456 2513 a
486 2451 700 2514 senatoribus
730 2460 765 2514 et
796 2471 816 2514 a
844 2450 983 2514 Tiberio
1007 2461 1182 2534 tamquam
1206 2455 1330 2515 serium
1355 2462 1425 2516 tam

218 2572 376 2654 graviter
399 2580 589 2653 acceptum.
615 2571 689 2634 Aut
712 2571 871 2653 denique,
895 2572 922 2633 si
942 2573 1008 2635 hoc
1027 2592 1164 2653 quoque
1185 2573 1321 2648 factum,
1343 2573 1423 2636 nihil

219 2689 357 2753 facilius
387 2699 460 2753 erat
491 2710 594 2771 quam
626 2689 761 2773 placare
793 2690 925 2752 iratum.
959 2691 1081 2753 Dicere
1111 2700 1245 2773 poterat
1269 2692 1425 2754 Tiberius

215 2810 289 2872 sibi
316 2809 447 2891 optime
472 2809 514 2871 de
541 2809 714 2890 republica
738 2809 893 2872 meritum
919 2810 1026 2872 videri
1053 2812 1219 2886 Pisonem,
1245 2813 1301 2894 qui
1326 2821 1424 2875 tanto

212 2928 349 2992 ardore
382 2928 416 2990 in
447 2936 626 3010 corruptos
657 2936 746 2990 esset
776 2929 931 2991 invectus
963 2949 1084 3005 mores,
1117 2939 1252 3012 poterat
1284 2932 1316 2993 in
1348 2952 1423 2994 eam

209 3048 431 3110 sententiam
449 3046 520 3110 fieri
536 3046 877 3110 senatusconsultum.
892 3047 1020 3110 Verum
1036 3048 1118 3111 nihil
1131 3050 1297 3112 eiusmodi
1310 3051 1423 3113 dicere

212 3167 278 3231 vel
311 3168 507 3243 decernere,
538 3168 599 3229 sed
617 3175 752 3249 putare
778 3167 915 3229 mitibus
940 3167 1052 3229 verbis
1076 3167 1128 3229 vel
1153 3169 1423 3251 propinquorum

208 3288 428 3351 auctoritate
466 3286 667 3370 precibusve
702 3305 722 3348 a
758 3286 934 3368 proposito
970 3285 1155 3348 abductum
1190 3288 1228 3350 iri
1267 3289 1421 3353 Pisonem

208 3406 370 3470 stultitia
400 3415 472 3469 erat
611 3413 703 3467 certe
734 3405 761 3467 si
793 3412 867 3467 tota
899 3404 982 3466 haec
1015 3425 1067 3466 res
1099 3406 1146 3468 ita
1177 3427 1212 3468 se
1243 3407 1360 3472 habuit
1385 3406 1440 3473 ut'

208 3527 364 3589 Tacitus
385 3535 508 3602 narrat,
529 3525 622 3607 quod
643 3524 725 3587 mihi
743 3544 810 3586 non
828 3523 924 3587 lacile
938 3525 1206 3606 persuadebitur.
1222 3528 1293 3590 Nisi
1309 3528 1419 3592 Pisoni

206 3646 361 3729 propria
381 3646 551 3727 quaedam
570 3645 633 3708 fuit
653 3653 688 3708 et
709 3644 887 3726 peculiaris
902 3663 1002 3706 causa
1015 3665 1073 3707 cur
1086 3645 1132 3709 sic
1146 3655 1272 3728 ageret,
1285 3649 1423 3731 ineptus

203 3764 295 3849 ipse
319 3763 393 3840 suit,
416 3765 477 3827 sed
501 3764 677 3846 aliquanto
702 3764 886 3846 ineptiores
909 3762 1065 3825 Tiberius
1088 3774 1340 3849 senatoresque,
1362 3771 1419 3851 qui

204 3905 300 3947 eum
326 3885 472 3947 retinere
496 3883 550 3947 vel
574 3882 734 3946 reducere
758 3883 827 3945 sint
851 3883 975 3945 conati.
1001 3880 1036 3946 Si
1060 3882 1209 3966 legerem
1233 3887 1380 3950 derisum
1401 3910 1421 3952 a

201 4004 436 4067 senatoribus
459 4003 616 4065 Pisonem
641 4012 781 4084 propter
805 4002 944 4064 nimiam
969 4001 1231 4081 vehementiam,
1252 4006 1319 4068 iam
1341 4027 1420 4069 con·

203 4133 311 4187 stare
343 4123 424 4185 milri
458 4123 504 4185 rei
537 4132 691 4185 narratae
722 4121 894 4184 videretur
926 4122 1023 4184 ratio.
1048 4121 1115 4186 Sed
1141 4124 1207 4187 alio
1232 4136 1419 4188 monstrare

207 4244 381 4305 videntur
404 4243 488 4306 haec
512 4243 617 4305 verba
640 4241 661 4304 l.
679 4241 740 4317 lV,
755 4261 784 4304 c.
803 4256 840 4304 21
874 4249 1007 4320 ,actum
1027 4242 1150 4306 dehinc
1171 4246 1214 4306 de
1236 4243 1419 4326 Calpurnio
