3210 5274
775 353 835 436 167

201 529 393 612 significare
428 550 531 612 quam
567 530 673 594 hocce
704 532 998 596 absurdissimum:
1036 533 1178 612 „milites
1209 530 1401 594 Germanici

201 670 341 713 manum
373 649 627 732 prehenderunt
659 660 762 733 atque
794 653 870 716 nuic
902 654 1114 716 inseruerunt
1145 673 1221 716 suos
1244 649 1401 732 digitos.’'

201 770 292 853 Quid
318 779 434 833 tamen
458 771 630 853 scripserit
654 772 794 835 Tacitus
818 794 887 836 non
911 774 1022 837 video.

245 889 271 964 1,
292 889 347 951 61.
369 888 599 964 Germanicus,
623 911 700 953 cum
723 875 829 974 propi
850 892 894 955 ab
914 913 956 955 eo
977 891 1053 954 loco
1074 891 1218 964 abesset,
1240 889 1297 951 ubi
1319 888 1401 952 Vari

200 1008 353 1090 legiones
374 1006 506 1071 fuerant
525 1007 726 1091 profligatae
739 1020 773 1072 et
788 1010 948 1092 reliquiae
962 1030 1076 1073 earum
1091 1009 1279 1091 insepultae
1293 1010 1402 1070 iacere

202 1127 412 1202 dicebantur,
439 1128 602 1191 militibus
625 1129 771 1211 ducique
795 1129 926 1192 solvere
950 1131 1038 1192 iusta
1060 1129 1237 1212 cupiebat:

252 1248 460 1327 „Praemisso
485 1247 641 1322 Caecina,
664 1257 701 1311 ut
721 1248 854 1311 occulta
874 1248 1020 1311 saltuum
1041 1255 1245 1311 scrutaretur
1265 1255 1401 1328 pontes·

205 1386 271 1447 que
292 1374 327 1428 et
347 1385 488 1448 aggeres
509 1367 625 1429 umido
645 1367 808 1449 paludum
824 1375 858 1430 et
871 1366 1045 1430 fallacibus
1058 1368 1187 1449 campis
1200 1367 1400 1447 imponeret,

205 1487 368 1549 incedunt
393 1494 541 1550 maestos
564 1486 658 1550 locos
682 1487 823 1568 visuque
847 1506 886 1548 ac
911 1487 1074 1548 memoria
1099 1484 1268 1547 deformis.
1290 1485 1401 1547 Prima

206 1605 287 1667 Vari
309 1613 420 1667 castra
439 1604 509 1668 lato
530 1605 660 1668 ambitu
681 1615 716 1668 et
736 1606 897 1669 dimensis
917 1604 1090 1687 principiis
1112 1605 1211 1667 trium
1230 1604 1401 1686 legionum

205 1744 326 1787 manus
349 1725 604 1789 ostentabant.'’

246 1844 280 1906 A
309 1845 417 1907 tribus
441 1845 581 1926 integris
605 1843 795 1925 legionibus
820 1864 860 1907 ea
884 1852 994 1907 castra
1017 1853 1145 1906 structa
1169 1864 1242 1906 esse
1268 1843 1399 1917 milites,

204 1970 280 2026 c'um
318 1972 547 2039 accesserant,
583 1964 698 2025 statim
734 1962 957 2044 intellegebant
991 1962 1106 2044 (paulo
1141 1971 1219 2044 post
1250 1963 1401 2044 sequitur

205 2084 285 2146 illud
319 2083 471 2158 verbum,
504 2085 639 2165 dequo
664 2082 705 2146 cl.
731 2104 763 2164 p.
794 2084 854 2165 17),
879 2091 994 2146 tantus
1017 2092 1090 2145 erat
1113 2103 1230 2145 eorum
1254 2083 1402 2146 ambitus

205 2213 238 2266 et
270 2212 387 2266 tantae
419 2222 538 2265 omnes
569 2223 686 2265 eorum
713 2210 836 2284 partes.
871 2201 938 2272 Sed
964 2203 1148 2265 absurdum
1172 2211 1223 2264 est
1248 2203 1290 2264 ad
1317 2203 1401 2264 eius·

207 2324 298 2385 modi
321 2342 382 2397 reS,
404 2323 448 2384 de
467 2322 591 2404 quibus
610 2321 672 2384 soli
693 2320 781 2384 oculi
802 2322 916 2384 idonei
937 2330 1015 2385 sunt
1036 2330 1149 2397 testes,
1164 2321 1401 2404 intelligendas

205 2461 361 2522 promere
393 2443 540 2523 perticas
571 2451 605 2504 et
638 2440 861 2503 metatoribus
885 2441 1046 2503 exhibere
1072 2442 1218 2524 negotia.
1255 2441 1401 2504 Accedit

206 2561 297 2640 quod
330 2560 398 2624 late
428 2561 553 2624 ambitu
578 2572 609 2624 et
630 2561 785 2623 dimensis
802 2561 982 2642 principiis
1006 2560 1190 2623 admodum
1216 2561 1401 2642 incongrue

206 2680 335 2742 dictum
367 2688 428 2742 est.
465 2680 596 2743 Locum
629 2678 719 2742 haud
744 2670 848 2742 dubie
872 2688 1068 2760 corruptum
1093 2678 1263 2742 lenissima
1287 2700 1401 2741 ernen-

206 2799 344 2862 datione
377 2800 410 2861 in
442 2800 611 2880 integrum
645 2800 820 2862 restituere
852 2807 961 2882 potes·
994 2798 1195 2879 Legendum
1228 2800 1318 2861 enim
1350 2807 1402 2861 est

207 2919 372 2981 immensis
395 2919 585 3001 principiis.
619 2918 671 2979 De
703 2917 863 2980 adiectivi
892 2918 1069 2981 immensus
1100 2938 1160 2980 usu
1192 2918 1335 2980 Taciteo
1359 2917 1401 2980 cl.

208 3058 293 3118 quae
316 3038 444 3120 scripta
466 3046 545 3100 sunt
568 3057 644 3119 pag.
677 3051 711 3116 15
719 3052 746 3116 5.

251 3156 276 3230 1,
300 3171 354 3238 74.
389 3156 427 3218 In
461 3156 623 3220 Granium
658 3155 855 3218 Marcellum
889 3177 992 3219 unum
1024 3157 1189 3220 eiusmodi
1215 3159 1341 3220 crimen
1367 3159 1400 3220 in

207 3283 324 3337 senatu
357 3273 592 3356 profertur—ut
623 3275 691 3337 irae
715 3295 794 3336 suae
820 3275 986 3357 imperare
1012 3296 1079 3338 non
1104 3278 1209 3358 possit
1234 3276 1399 3340 Tiberius.

208 3391 273 3456 Sed
299 3393 414 3475 lepida
438 3392 498 3456 Cn.
524 3393 653 3456 Pisonis
678 3394 942 3474 interrogatione
967 3394 1177 3457 confutatur:

254 3521 472 3595 „quantoque
504 3513 671 3575 incautius
702 3512 890 3587 efferverat,
924 3514 1133 3596 paenitentia
1165 3515 1297 3595 patiens
1324 3515 1401 3577 tulit

208 3631 337 3695 absolvi
361 3652 454 3695 reum
479 3632 675 3694 criminibus
700 3631 918 3694 maiestatis.'’

250 3751 303 3813 De
324 3763 497 3815 structura
519 3771 585 3813 non
606 3750 755 3832 ambigo,
777 3771 983 3833 quamquam
1006 3753 1116 3815 nullus
1132 3775 1150 3815 e
1167 3753 1289 3816 Tacito
1305 3754 1400 3816 afler-

208 3878 259 3933 tur
289 3870 383 3933 locus
416 3870 472 3933 ubi
497 3892 531 3933 eo
556 3871 648 3932 tiendo
672 3890 734 3951 qno
757 3870 810 3933 liic
835 3871 999 3951 positivus
1023 3871 1143 3954 aliquis
1167 3874 1401 3955 comparativo

208 3990 401 4073 opponitur.
434 3988 501 4052 Sed
535 3990 643 4071 ipsum
668 3988 749 4051 illud
768 3991 972 4071 paenitentia
991 3991 1122 4073 patiens
1144 4013 1244 4055 sensu
1269 4014 1401 4057 cassum

208 4129 277 4172 esse
311 4109 393 4171 mihi
424 4129 487 4190 pro
518 4118 611 4171 certo
643 4115 787 4170 constat.
821 4107 942 4189 Neque
973 4111 1021 4172 ita
1048 4112 1219 4192 scripsisse
1243 4113 1400 4176 Tacitum

209 4227 276 4308 ipse
309 4228 421 4290 codex
450 4229 626 4310 perspicue
657 4228 878 4289 demonstrat.
904 4227 943 4290 In
968 4229 1114 4293 Medicei
1139 4233 1229 4294 enim
1255 4233 1401 4314 imagine

210 4347 444 4429 phototypica,
476 4366 577 4428 quam
609 4347 744 4427 egregie
775 4346 1023 4410 conficiendam
1050 4351 1180 4413 curavit
1205 4350 1399 4434 Sythoffius,
