3210 5274
768 371 831 453 267

200 551 335 614 animos
367 549 511 613 militum
543 571 645 633 quam
679 552 826 614 maxime
852 552 1023 625 incendat,
1048 551 1229 633 legendum
1254 569 1399 611 censeo:

202 690 308 751 „quae
335 690 477 757 usquam
498 671 685 754 praesidia,
709 691 797 753 quae
821 680 931 734 castra
954 679 1033 734 sunt
1056 691 1086 733 e.
1100 691 1132 753 q.
1146 668 1206 732 s.’'.

244 909 289 972 H.
315 910 342 984 I,
369 922 420 988 50.
444 907 568 974 Occiso
592 908 712 985 Galba,
733 930 810 973 cum
832 912 968 973 nuntius
988 912 1031 973 de
1053 908 1182 972 Vitellii
1204 908 1396 971 delectione

198 1049 260 1111 per
283 1028 405 1092 urbem
429 1028 704 1111 percrebruisset,
726 1031 947 1093 vehementer
965 1030 1110 1092 afflictae
1130 1036 1226 1090 erant
1244 1027 1396 1089 omnium

201 1156 351 1211 mentes:

249 1267 365 1346 ,Duos
393 1266 545 1329 omniurn
571 1268 764 1330 mortalium
788 1266 1000 1350 impudicitia
1025 1268 1159 1349 ignavia
1183 1267 1314 1329 luxuria
1338 1267 1395 1329 de·

199 1388 357 1450 terrimos
381 1386 473 1449 velut
497 1389 540 1450 ad
567 1389 778 1469 perdendum
803 1388 982 1468 imperium
1007 1386 1152 1449 fataliter
1167 1386 1302 1449 >electos
1327 1406 1395 1449 non

199 1514 339 1568 senatus
362 1508 466 1569 modo
490 1514 526 1568 et
549 1526 662 1589 eques,
689 1509 763 1589 quis
786 1508 900 1590 aliqua
925 1528 1002 1590 pars
1026 1516 1060 1569 et
1080 1527 1159 1569 cura
1180 1506 1395 1588 reipublicae,

200 1626 261 1687 sed
289 1625 409 1707 vulgus
432 1646 571 1709 quoque
595 1626 706 1710 palam
732 1625 914 1690 maerere.’'

246 1746 355 1809 Totus
378 1745 443 1809 loci
468 1767 643 1810 connexus
668 1748 901 1811 huiuscemodi
926 1755 992 1810 est:
1016 1756 1161 1828 tempus,
1182 1748 1274 1828 quod
1295 1748 1398 1809 insta-

200 1865 271 1941 bat,
296 1865 427 1929 civibus
450 1866 559 1929 multo
579 1868 706 1929 tristius
727 1868 907 1930 videbatur
928 1888 994 1930 non
1015 1867 1124 1930 solum
1144 1888 1246 1948 quam
1268 1867 1397 1930 Galbae

201 1984 283 2047 illud
308 1986 409 2068 (cum,
433 1985 512 2049 licet
536 1986 663 2049 bellum
689 2007 756 2050 non
780 1996 879 2062 esset,
904 1996 956 2050 tot
980 1997 1094 2051 tamen
1120 1987 1240 2051 fierent
1259 1989 1398 2071 scelera)

202 2105 262 2168 sed
294 2105 398 2168 etiam
431 2126 535 2188 quam
568 2106 641 2188 ipsa
673 2106 839 2169 bellorum
871 2106 1020 2169 civilium
1053 2115 1162 2170 aetas:
1196 2127 1273 2170 nam
1305 2115 1396 2183 tunc,

204 2225 398 2307 quicunque
422 2246 582 2289 evasurus
606 2235 695 2288 esset
720 2227 886 2308 princeps,
908 2226 973 2289 hoc
992 2235 1108 2289 tamen
1128 2226 1308 2289 constabat
1327 2226 1397 2289 lore

205 2365 284 2408 eum
317 2344 425 2407 virum
460 2347 518 2427 qui
555 2346 798 2428 rempublicam
831 2367 946 2428 regere
979 2354 1111 2428 posset;
1147 2355 1182 2409 at
1215 2367 1303 2409 nunc
1334 2347 1400 2410 hoc

206 2485 311 2528 unum
345 2465 500 2529 sciebant
532 2464 687 2528 homines
723 2467 945 2544 „deteriorem
970 2465 1051 2539 lore,
1077 2467 1133 2547 qui
1159 2465 1328 2528 vicisset.”
1354 2466 1402 2529 At

207 2604 296 2646 nuuc
328 2604 392 2666 ego
423 2585 458 2646 in
491 2604 585 2661 voce,
618 2605 706 2665 quae
731 2593 782 2646 est
807 2606 957 2648 maerere
979 2585 1119 2660 haereo,
1145 2605 1212 2647 non
1237 2586 1338 2661 enim,
1362 2594 1401 2648 ut

205 2705 338 2785 opinor,
357 2717 519 2787 praesens
542 2705 667 2767 malum
693 2723 891 2778 maeremus,
917 2705 976 2765 sed
991 2706 1213 2786 praeteritam
1235 2704 1400 2768 conditio·
1494 2721 1497 2726 ·

204 2842 294 2898 nem,
326 2825 497 2905 praesenti
531 2823 714 2886 meliorem.
749 2824 841 2905 Ergo
873 2831 932 2885 aut
963 2823 1110 2898 Tacitus,
1144 2844 1220 2886 cum
1245 2824 1401 2887 homines

205 2942 248 3004 de
270 2944 441 3023 praesenti
462 2952 617 3024 tempore
637 2944 828 3025 cogitantes
847 2944 987 3018 inducit,
1009 2944 1075 3005 iam
1088 2945 1202 3007 animo
1216 2946 1400 3027 praesumit

205 3070 352 3143 tempus,
386 3081 455 3143 quo
480 3063 671 3143 praesentia
696 3064 947 3145 praeteritaque
972 3064 1058 3126 inter
1081 3085 1117 3127 se
1142 3065 1423 3155 comparabunt,¹

207 3181 354 3262 ideoque
378 3201 527 3244 maerere
551 3181 664 3262 posuit
688 3181 745 3243 ubi
769 3183 880 3262 quivis
904 3182 987 3244 alius
1010 3184 1186 3266 indignari
1203 3193 1292 3248 esset
1313 3186 1402 3269 posi·

207 3295 312 3375 turus,
344 3309 412 3374 aut,
447 3301 480 3362 id
513 3301 604 3382 quod
637 3299 744 3362 multo
776 3301 997 3376 verisimilius,
1023 3322 1131 3384 pauca
1154 3306 1323 3385 quaedam
1347 3305 1402 3369 hic

209 3419 409 3481 exciderunt
439 3427 543 3500 atque
575 3419 622 3481 sic
653 3419 823 3500 explenda
855 3420 991 3484 lacuna:
1020 3425 1097 3502 ,sed
1123 3423 1242 3506 vulgus
1265 3445 1401 3508 quoque

209 3538 400 3620 <indignari
425 3547 460 3601 et
484 3539 621 3620 priora>
646 3537 758 3620 palam
784 3538 968 3603 maerere.’‘

253 3775 297 3837 H.
323 3775 348 3849 I,
376 3776 426 3856 58.
453 3776 600 3858 Imperio
624 3777 667 3838 ad
693 3775 870 3839 Vitellium
891 3778 1006 3842 delato
1027 3781 1176 3861 protervi
1199 3781 1323 3844 milites
1343 3785 1403 3846 du·

207 3915 286 3958 cum
307 3897 522 3978 quorundam
542 3896 605 3958 sibi
626 3897 810 3959 invisorum
825 3918 971 3980 poenam
986 3899 1176 3983 postulant;
1191 3911 1270 3965 ante
1283 3923 1403 3967 omnes

208 4016 288 4078 dedi
320 4016 384 4078 sibi
417 4016 538 4078 Iulium
570 4016 772 4091 Bardonem,
797 4016 1020 4082 Germanicae
1044 4020 1159 4083 classis
1182 4022 1403 4103 praelectum,

209 4136 253 4199 ad
287 4134 490 4218 supplicium
524 4135 692 4218 flagitant:
725 4137 803 4200 huic
827 4139 917 4200 enim
944 4141 1141 4222 praesertim
1166 4141 1250 4203 vitio
1275 4142 1404 4205 dabant

212 4255 335 4318 Fontei
369 4254 555 4337 Capitonis
587 4255 767 4336 gratissimi
800 4257 905 4332 ducis,
939 4258 1122 4322 interitum.
1147 4258 1197 4322 At
1221 4260 1301 4324 dolo
1326 4280 1404 4324 eum

212 4374 355 4437 militum
380 4374 541 4436 saevitiae
564 4374 732 4437 subtrahit
758 4375 932 4438 Vitellius:
