3210 5274
776 336 818 400 26

201 517 296 598 quies
327 517 451 579 dicitur
482 537 599 580 eorum
625 518 769 581 militum
794 519 851 600 qui
876 536 945 579 non
969 515 1104 597 rapiunt
1128 513 1199 588 sed,
1224 521 1263 575 ut
1287 522 1338 576 est
1363 514 1394 575 in

199 635 408 717 lepidissimo
443 635 691 699 Wallensteinii
727 635 938 700 Schilleriani
970 654 1078 708 versu,
1115 634 1289 712 ,contenti
1320 640 1397 695 sunt

200 774 288 836 pane
319 775 381 818 suo
414 755 583 817 militari”.
615 756 654 818 In
683 775 767 838 pace
791 764 906 818 autem
931 753 1013 836 quid
1039 760 1156 834 raptus
1179 751 1326 815 militum
1350 753 1397 814 in·

199 872 316 937 hibet?
341 873 478 949 Severa,
502 875 634 956 opinor,
660 874 848 956 disciplina,
873 873 970 936 labor
994 871 1180 954 improbus,
1201 870 1396 952 exemplum

202 994 306 1056 ducis.
340 992 395 1056 Sic
418 994 551 1075 integra
576 995 672 1076 quies
697 994 821 1075 vigoris
844 994 916 1056 fieri
939 1000 1054 1076 potest
1078 1011 1188 1054 causa.
1214 991 1315 1053 Nunc
1339 991 1397 1053 du·

201 1112 285 1174 abus
310 1112 449 1174 mutatis
472 1110 622 1187 literulis,
648 1111 701 1174 vel
726 1110 867 1175 sortasse
892 1131 959 1174 una
984 1111 1075 1192 (nam
1095 1109 1189 1173 labor
1209 1110 1301 1172 istud
1322 1110 1397 1171 mis-

201 1251 275 1293 sum
307 1230 459 1313 facimus)
484 1231 594 1293 Taciti
619 1231 749 1294 restitui
774 1251 893 1293 manus
917 1237 1049 1312 potest:
1074 1236 1311 1310 quantumque
1335 1226 1397 1289 illis

202 1348 332 1412 roboris
356 1350 551 1413 discrimina
575 1357 609 1411 et
633 1348 739 1424 labor,
764 1358 898 1413 tantum
923 1348 975 1411 his
999 1348 1125 1429 vigoris
1146 1347 1329 1410 addiderat
1349 1347 1395 1408 in·

200 1476 297 1549 tegra
317 1470 412 1550 quies
432 1476 467 1530 et
486 1470 668 1551 inexpertis
685 1469 766 1533 bello
785 1467 852 1551 (vel
871 1467 956 1532 belli.
979 1467 1121 1549 Legitur
1133 1465 1226 1529 enirn
1239 1465 1284 1528 H.
1298 1466 1342 1541 11,
1355 1477 1393 1548 75

201 1588 342 1670 legiones
360 1587 452 1650 civili
469 1587 550 1651 bello
568 1589 769 1670 inexpertas,
789 1587 833 1650 A.
855 1587 951 1662 XVI,
970 1600 986 1668 5
1005 1606 1024 1649 e
1040 1585 1188 1649 lectione
1206 1584 1397 1648 Puteolani:

205 1705 362 1771 lasciviae
392 1708 579 1790 inexperti).
611 1708 658 1771 Et
673 1705 694 1789 ¹)
717 1707 904 1789 inexpertis
927 1707 1018 1770 bello
1041 1707 1062 1769 i.
1087 1726 1117 1768 e.
1140 1726 1343 1788 quamquam
1366 1705 1397 1766 in

204 1827 312 1887 aciem
349 1846 522 1908 nunquam
559 1834 655 1888 erant
690 1827 844 1900 eductae,
869 1834 992 1888 'tamen
1025 1825 1178 1906 vigorem
1210 1822 1399 1906 legionibus

204 1943 346 2007 dederat
369 1945 503 2027 integra
525 1946 617 2027 quies
640 1946 660 2007 i.
685 1965 714 2007 e.
739 1944 901 2008 severitas
925 1943 1134 2025 disciplinae.

249 2061 348 2125 Alter
376 2063 498 2144 legitur
522 2063 567 2126 H.
593 2064 654 2138 ΙΙΙ,
678 2078 738 2147 77:
768 2064 921 2144 „interim
945 2062 988 2125 ad
1016 2062 1055 2125 L.
1083 2060 1261 2124 Vitellium
1285 2078 1397 2122 servus

205 2179 358 2261 Verginii
382 2181 559 2263 Capitonis
582 2182 739 2264 perfugit,
764 2182 1010 2265 pollicitusque,
1035 2181 1062 2243 si
1087 2179 1294 2262 praesidium
1314 2177 1398 2241 acci·

205 2307 311 2380 peret,
335 2320 474 2362 vacuam
498 2322 609 2364 arcem
633 2302 842 2364 traditurum
866 2322 895 2364 e.
921 2322 953 2383 q.
978 2299 1025 2362 s''.
1051 2298 1171 2381 Quivis
1195 2298 1261 2373 hic,
1287 2298 1395 2360 obiter

203 2419 350 2499 aspectis
385 2421 497 2482 verbis
531 2442 670 2484 vacuam
706 2441 827 2496 arcem,
859 2428 1036 2503 exspectet
1068 2440 1088 2482 a
1117 2437 1217 2481 servo
1250 2416 1308 2481 illo
1339 2436 1398 2498 per

205 2537 357 2619 ignotam
382 2541 553 2621 quandam
579 2541 865 2603 incustoditamve
888 2540 1044 2602 semitam
1068 2556 1196 2620 paucos
1219 2539 1254 2600 in
1275 2556 1396 2610 arcem,

206 2663 287 2718 tunc
319 2657 405 2721 forte
438 2678 579 2722 vacuam
613 2658 783 2733 militibus,
816 2659 992 2721 inductum
1020 2657 1059 2719 iri
1084 2655 1218 2720 milites
1243 2655 1293 2717 At
1317 2653 1397 2736 quid

206 2772 264 2836 fit?
296 2775 335 2838 In
367 2776 519 2851 collibus,
553 2777 610 2859 qui
639 2776 713 2839 urbi
737 2777 926 2851 imminent,
950 2776 1066 2857 copias
1089 2776 1170 2857 (non
1195 2774 1243 2836 ita
1267 2792 1397 2855 parvas,

207 2900 242 2953 ut
274 2895 406 2976 opinor)
439 2895 599 2976 disponit,
632 2914 719 2976 quae
749 2895 828 2957 inde
852 2896 1034 2957 decurrunt
1058 2893 1102 2956 ad
1127 2893 1270 2955 caedem
1294 2891 1399 2974 magis

206 3031 307 3090 quam
332 3013 375 3074 ad
400 3032 567 3094 pugnarn:
593 3013 843 3095 oppidanorum
868 3013 1039 3075 neminem
1064 3012 1097 3073 in
1116 3030 1231 3074 arcem
1252 3011 1399 3092 effugere

206 3131 320 3192 conari
352 3131 523 3206 miramur,
555 3134 614 3195 sed
646 3133 786 3195 omnino
818 3134 860 3194 de
891 3151 968 3195 arce
999 3127 1097 3199 οὐδεὶς
1128 3125 1235 3205 λόγος.
1263 3129 1399 3191 Prorsus

207 3248 328 3309 eodem
353 3250 457 3313 modo
481 3250 676 3332 quingentis
700 3251 768 3313 sere
789 3251 885 3313 annis
904 3259 1005 3313 antea
1025 3250 1146 3312 eadem
1169 3248 1249 3310 urbs
1269 3247 1400 3329 capitur

206 3385 226 3426 a
258 3363 401 3430 Servilio
432 3368 545 3431 Ahala
575 3370 662 3450 (Liv.
688 3368 749 3444 IV,
777 3369 846 3452 59):
872 3377 953 3431 tunc
977 3387 1114 3450 quoque
1138 3365 1265 3430 nullam
1289 3384 1398 3428 arcem

207 3484 389 3548 Tarracina
410 3487 566 3551 habuisse
586 3489 737 3563 videtur;
760 3488 787 3549 si
808 3487 936 3562 habuit,
958 3495 1049 3549 certe
1069 3487 1182 3549 diruta
1200 3504 1242 3546 ea
1258 3491 1310 3545 est
1323 3502 1398 3546 curn

208 3601 341 3665 colonia
373 3605 529 3668 Romana
556 3606 635 3669 urbs
660 3606 750 3669 sacta
773 3614 823 3668 est
849 3605 935 3686 (Liv.
962 3607 991 3679 8,
1018 3604 1081 3685 21).
1107 3603 1266 3684 Denique
1289 3610 1398 3664 toturn

208 3719 289 3783 illud
320 3740 459 3786 vacuam
483 3744 593 3786 arcem
617 3724 754 3787 tradam
777 3743 797 3785 a
820 3743 919 3786 servo
947 3718 1247 3804 „proverbialiter”
1271 3720 1398 3783 dictum

208 3847 275 3900 est:
312 3840 365 3918 ,in
396 3860 474 3903 eum
502 3860 563 3904 vos
588 3841 755 3904 deducam
780 3840 891 3903 locum
915 3849 952 3902 ut
978 3860 1045 3903 non
1071 3838 1182 3901 minus
1206 3836 1305 3901 facile
1329 3846 1397 3901 tota

247 4155 272 4221 1)
291 4155 391 4205 Eodem
410 4155 554 4205 sententiae
573 4155 632 4204 loco
648 4162 674 4203 et
690 4153 780 4202 eadem
795 4153 821 4202 vi
838 4153 989 4202 coniunctio
1005 4160 1030 4201 et
1044 4152 1140 4217 legitur
1157 4152 1220 4216 Agr.
1238 4163 1285 4212 14:
1302 4158 1397 4217 recepta

204 4241 301 4304 populi
314 4241 427 4289 Romani
439 4241 623 4289 consuetudine
638 4248 670 4288 ut
686 4239 790 4288 haberet
807 4239 986 4288 instrumonta
1002 4239 1142 4288 servitutis
1152 4245 1177 4287 et
1187 4253 1263 4302 regis.
1274 4237 1310 4286 Η.
1321 4238 1344 4303 1,
1355 4250 1397 4301 79:

208 4326 374 4387 lapsantibus
392 4326 463 4389 equis
482 4334 507 4376 et
524 4326 758 4392 cataphractorum
773 4325 895 4390 pandere.
