3292 5280
796 395 855 457 261

230 577 376 639 triennio
407 597 468 638 non
501 576 629 638 introiit
661 577 806 652 curiam;
839 576 951 659 abfuit
980 595 1057 638 cum
1090 574 1222 639 Silanus
1253 583 1287 637 et
1313 575 1421 638 Vetus

228 695 562 771 condemnabantur;
586 697 655 758 sine
678 716 757 759 cura
780 696 811 758 ei
836 703 887 758 est
910 695 999 757 salus
1025 695 1179 769 Neronis,
1203 696 1272 757 sine
1292 694 1421 757 honore

224 837 287 891 ατε,
327 816 521 898 Poppaeam
558 816 671 878 divam
704 837 765 879 non
796 817 916 879 credit.
951 815 997 878 Et
1028 824 1143 878 tamen
1176 815 1258 876 mire
1291 814 1419 877 dictum

225 936 306 999 mihi
333 934 413 997 illud
438 956 500 998 non
517 937 645 1018 fecerit
663 937 809 1010 videtur,
830 936 1031 1017 quotiesque
1052 934 1142 1016 leg0,
1165 934 1298 996 haereo
1320 932 1420 997 Certe

175 1091 180 1100 ·
225 1055 413 1118 admodum
439 1055 526 1116 exile
551 1063 602 1117 est
627 1055 752 1136 vixque
777 1056 819 1116 ad
845 1056 878 1117 id
903 1053 1173 1136 significandum,
1198 1055 1290 1136 quod
1311 1054 1421 1135 requi·

227 1175 320 1248 ritur,
345 1175 477 1237 sufficit.
504 1174 834 1256 Subintelligendum
860 1174 928 1236 sere
953 1182 1004 1236 est
1028 1174 1140 1247 denuo,
1165 1172 1300 1235 aliudve
1322 1192 1420 1235 voca·

228 1291 356 1368 bulum,
389 1295 481 1374 quod
513 1313 581 1355 non
614 1294 660 1355 ita
693 1293 790 1356 facile
823 1269 944 1356 mente
962 1293 1148 1376 suppletur.
1174 1291 1316 1374 Semper
1339 1313 1419 1374 ergo

229 1413 382 1494 suspicor
414 1433 475 1494 pro
506 1434 568 1475 non
600 1412 779 1495 legendam
804 1433 876 1475 esse
909 1433 1038 1488 vocem,
1069 1433 1156 1494 quae
1188 1413 1256 1475 lere
1280 1414 1418 1475 eosdem

229 1533 402 1595 literarum
434 1533 537 1597 habet
570 1509 708 1596 ductus:
746 1535 845 1615 „quid
878 1532 1028 1595 Thrasea
1059 1535 1136 1596 novi
1158 1532 1306 1595 lecerit'’.
1331 1532 1419 1595 Tum

230 1673 366 1734 quoque
388 1654 586 1734 praesertim
607 1653 649 1715 de
671 1654 709 1715 iis
730 1653 830 1715 rebus
846 1673 918 1715 esse
930 1653 1160 1734 cogitandum,
1174 1674 1258 1735 quas
1269 1651 1420 1715 Thrasea

228 1771 337 1834 lacere
357 1773 400 1834 sit
420 1781 628 1854 aspernatus,
651 1792 703 1834 res
723 1773 794 1854 ipsa
814 1772 973 1854 loquitur,
995 1775 1054 1836 sed
1076 1773 1165 1835 idem
1180 1792 1267 1835 nunc
1282 1774 1418 1835 demum

228 1899 319 1953 recte
344 1891 584 1973 eleganterque
608 1900 660 1954 est
683 1892 907 1954 enuntiatum.

272 2129 368 2203 XVI,
395 2146 446 2208 24.
479 2129 640 2204 Thrasea,
672 2130 726 2191 cui
750 2137 842 2191 certa
866 2129 932 2191 iam
957 2137 1008 2191 est
1034 2138 1151 2211 parata
1176 2130 1351 2211 pernicies
1375 2130 1417 2191 ad

228 2248 401 2311 Neronem
426 2249 539 2311 literas
564 2249 668 2311 mittit
692 2268 776 2329 quas
799 2247 853 2309 ille
873 2249 973 2311 avide
993 2249 1110 2329 arripit
1130 2249 1307 2329 aperitque
1329 2256 1420 2309 ratus

229 2368 414 2431 Thraseam
446 2369 655 2452 supplicibus
687 2370 843 2452 precibus
875 2369 1008 2432 veniam
1042 2377 1235 2450 rogaturum
1267 2367 1417 2450 aliaque,

228 2510 316 2571 quae
354 2490 455 2571 priori
493 2491 564 2551 eius
596 2490 685 2551 vitae
721 2490 880 2551 afferrent
912 2489 1078 2563 dedecus,
1113 2488 1279 2551 facturum
1312 2489 1418 2551 dictu·

229 2629 385 2690 rumque:

275 2727 395 2809 ,Quod
421 2728 477 2790 ubi
504 2748 571 2790 non
595 2729 709 2790 evenit
735 2728 933 2810 vultumque
957 2737 992 2790 et
1016 2728 1152 2809 spiritus
1172 2736 1206 2790 et
1226 2728 1418 2790 libertatem

227 2849 369 2910 insontis
393 2847 481 2911 ultro
504 2848 672 2923 extimuit,
699 2849 811 2910 vocari
837 2856 950 2929 patres
973 2847 1101 2910 iubet.'’

273 2967 302 3029 E
332 2968 605 3049 splendidissima
635 2967 724 3029 haud
757 2968 860 3030 dubie
892 2968 1131 3030 emendatione
1157 2968 1311 3030 Rhenani
1337 2967 1417 3030 illud

227 3087 315 3168 quod
343 3087 399 3150 ubi
420 3109 482 3150 non
506 3089 611 3151 evenit
635 3096 750 3149 natum
776 3095 837 3160 est,
863 3107 940 3148 nam
966 3088 1000 3147 in
1025 3087 1142 3148 codice
1166 3096 1217 3149 est
1240 3109 1302 3168 quo
1324 3087 1419 3151 dubie

227 3227 289 3268 non
320 3209 417 3281 venit,
450 3208 497 3269 ita
528 3215 565 3268 ut
594 3207 636 3268 ad
661 3207 843 3269 lectionem
867 3227 961 3268 suam
987 3206 1224 3287 proferendam
1250 3226 1291 3269 ne
1316 3228 1417 3269 unam

149 3373 154 3386 .
226 3327 367 3407 quidem
389 3326 557 3389 literulam
582 3326 762 3400 addiderit,
787 3327 983 3408 dempserit,
1009 3326 1190 3388 mutaverit
1215 3326 1416 3390 Rhenanus:

227 3446 434 3526 transposuit
458 3447 698 3507 tantummodo
721 3445 835 3507 literas
859 3445 912 3508 vel
936 3445 1032 3507 aliter
1057 3445 1221 3507 distinxit.
1245 3444 1295 3507 At
1314 3466 1416 3526 quam

226 3585 292 3647 ego
324 3565 601 3628 emendationem
634 3585 801 3647 propon0,
833 3585 873 3628 ea
905 3573 941 3627 ut
965 3586 1033 3627 una
1063 3564 1160 3627 litera
1191 3566 1359 3628 eximatur
1383 3575 1417 3628 et

226 3683 292 3746 alio
313 3682 389 3746 loco
410 3705 475 3746 una
487 3685 633 3747 addatur
645 3684 768 3748 lineola
781 3685 940 3767 postulat.
960 3685 1161 3766 Legendum
1175 3685 1265 3747 enim
1277 3705 1416 3749 censeo:

230 3805 342 3884 „quod
368 3804 424 3865 ubi
450 3824 518 3866 non
539 3794 643 3867 {venit
666 3802 852 3886 (invenit).”
879 3804 966 3866 Nam
992 3825 1080 3867 nunc
1101 3805 1238 3867 demum
1259 3815 1361 3882 recte,
1383 3816 1417 3870 et

226 3923 319 4005 quod
341 3925 383 3984 ad
404 3932 607 3986 structuram
628 3924 817 3986 sententiae
838 3932 872 3986 et
892 3926 935 3985 ad
953 3924 1133 3986 verborum
1148 3926 1296 4007 pertinet
1309 3947 1416 4001 usum,

226 4044 310 4107 haec
343 4049 586 4105 annectuntur:
624 4040 854 4123 „Vultumque
886 4051 920 4104 et
944 4041 1136 4105 libertatem
1162 4044 1304 4106 insontis
1328 4045 1416 4108 ultro

224 4163 423 4226 extimuit”:
456 4171 589 4225 tantum
621 4161 738 4224 aberat
771 4170 807 4223 ut
837 4162 1024 4244 quidquam
1056 4163 1192 4225 demissi
1223 4164 1416 4246 abiectique

224 4284 394 4346 inveniret
425 4291 462 4345 ut
493 4282 730 4344 extimesceret
763 4281 889 4363 potius:
921 4281 968 4343 sic
1000 4282 1075 4345 illae
1107 4282 1223 4373 literae
1252 4285 1416 4347 sermonis

224 4401 382 4464 libertate
402 4401 433 4463 ei
454 4400 661 4482 intrepidum
682 4400 824 4461 insontis
843 4399 973 4462 vultum
994 4401 1169 4482 ponebant
1189 4411 1268 4465 ante
1289 4403 1414 4467 oculos.
