3210 5274
747 384 807 450 137

175 545 273 608 Plinii
299 547 325 621 I,
353 560 367 626 5
399 547 442 608 de
475 545 617 628 Aquilio
650 546 793 630 Regu10,
825 568 867 610 ne
901 567 988 609 nunc
1021 546 1215 608 iniuriarum
1248 544 1372 607 calum·

176 667 377 748 niarumque
408 686 543 730 suarum
577 688 705 751 poenas
736 668 795 731 det
826 666 981 730 sollicito.
1015 665 1082 730 Sed
1110 686 1178 728 non
1204 664 1373 727 delatores

175 794 311 850 tantum
342 795 377 849 et
407 807 537 862 omnes,
569 789 627 870 qui
654 788 852 851 Domitiano
877 795 1041 869 regnante
1064 786 1255 868 potentiam
1278 804 1373 847 suam

175 904 358 967 crudeliter
389 915 622 982 exercuerant,
647 907 680 969 in
706 927 830 989 magno
854 915 935 968 tunc
959 906 1181 968 versabantur
1205 903 1373 986 periculo;

175 1024 222 1087 illi
255 1044 393 1107 quoque
425 1027 458 1088 in
488 1026 651 1088 invidiam
676 1026 944 1099 adducebantur,
969 1024 1026 1106 qui
1050 1032 1108 1086 aut
1133 1043 1153 1085 a
1177 1023 1374 1086 Domitiano

175 1143 332 1206 altiorem
365 1142 513 1226 aliquem
545 1146 578 1207 in
611 1144 785 1228 republica
813 1144 925 1207 locum
950 1151 1163 1226 acceperant,
1188 1140 1373 1204 autetiam

176 1264 261 1326 salvi
283 1262 451 1327 funestam
472 1263 563 1327 illam
584 1264 698 1327 multis
719 1265 988 1327 dominationem
1001 1271 1189 1326 evaserant.
1204 1262 1241 1324 ln
1256 1281 1372 1325 eorum

178 1404 320 1448 numero
339 1394 375 1448 et
396 1384 558 1467 Agricola
578 1385 650 1460 fuit,
671 1387 728 1467 qui
748 1385 828 1447 licet
849 1393 1012 1466 tyrannus
1034 1384 1064 1445 ei
1086 1382 1371 1466 proconsalutum

177 1523 280 1585 quem
305 1513 511 1585 speraverat,
535 1504 705 1579 inviderit,
730 1513 846 1567 tamen
871 1524 931 1585 per
956 1504 1076 1567 decem
1095 1522 1203 1564 annos
1223 1503 1375 1584 privatus

178 1632 212 1687 et
232 1632 326 1686 tutus
345 1624 389 1686 ab
411 1623 467 1686 illo
488 1625 584 1686 vixit.
607 1624 728 1706 Neque
750 1625 821 1706 ipse
842 1642 966 1705 negare
987 1622 1125 1684 Tacitus
1146 1629 1260 1703 potest
1279 1641 1374 1683 suam

177 1744 381 1825 dignitatem
412 1763 432 1805 a
464 1743 663 1806 Domitiano
694 1743 827 1825 longius
859 1751 1057 1825 provectam
1083 1741 1139 1823 (H.
1165 1741 1189 1816 l,
1220 1741 1258 1822 r).
1283 1739 1373 1821 Quid

177 1865 272 1945 quod
296 1884 357 1945 per
380 1863 511 1945 aliquot
535 1884 642 1927 annos
666 1865 699 1926 in
724 1871 880 1927 senatum
901 1863 995 1924 venit
1015 1882 1092 1924 cum
1113 1861 1307 1923 saevissima
1328 1859 1375 1921 ibi

177 1982 300 2046 fierent
335 1983 500 2060 consulta,
537 1983 734 2046 Domitiano
770 1983 883 2045 vultus
915 1982 1124 2065 singulorum
1157 1987 1308 2055 notante,
1341 1987 1376 2042 et

177 2111 312 2165 tantum
345 2102 454 2166 abfuit
485 2111 522 2166 ut
554 2103 599 2165 illi
632 2103 834 2185 turpitudini
865 2102 1057 2176 obsisteret,
1090 2109 1126 2162 ut
1154 2108 1274 2182 postea
1297 2118 1375 2161 cum

176 2222 309 2303 gemitu
333 2221 558 2304 lamentisque
583 2220 761 2285 fateretur:
790 2229 945 2301 „nostrae
970 2222 1098 2283 duxere
1124 2219 1319 2283 Helvidium
1342 2219 1374 2281 in

177 2360 352 2403 carcerem
385 2362 513 2416 manus,
546 2361 607 2404 nos
638 2342 812 2404 innocenti
843 2342 1006 2423 sanguine
1034 2339 1178 2404 Senecio
1207 2337 1376 2422 perfudit”

179 2459 278 2543 (Agr.
302 2462 358 2541 45)
379 2459 411 2541 ¹).
436 2461 482 2524 Et
506 2461 572 2523 alia
595 2481 687 2543 erg0,
712 2462 755 2523 de
780 2461 942 2543 Agricola
966 2481 1114 2535 narrans,
1139 2460 1199 2523 sed
1224 2459 1288 2523 hoc
1313 2458 1378 2523 sor·

177 2588 270 2643 tasse
300 2581 481 2662 praecipue
506 2582 740 2645 demonstrare
763 2583 896 2643 studet:
925 2601 1043 2663 „posse
1067 2581 1170 2643 etiam
1195 2581 1258 2643 sub
1282 2579 1378 2643 malis

176 2698 390 2780 principibus
415 2719 557 2781 magnos
582 2701 672 2762 viros
696 2722 778 2775 esse,
805 2700 1075 2783 obsequiumque
1100 2720 1138 2763 ac
1164 2699 1379 2774 modestiam,

173 2820 202 2880 si
224 2818 390 2881 industria
410 2837 450 2880 ac
473 2819 570 2900 vigor
589 2819 711 2892 adsint,
734 2839 850 2882 eorum
871 2819 989 2884 laudes
1009 2820 1185 2893 excedere,
1204 2819 1261 2901 qui
1279 2818 1377 2900 pleri·

178 2957 246 3018 que
271 2957 332 3019 per
355 2937 513 3019 abrupta,
538 2941 598 3001 sed
625 2940 658 3002 in
681 2938 809 3001 nullum
831 2941 878 3002 rei
901 2940 1057 3022 publicae
1079 2960 1174 3002 usum
1199 2939 1374 3002 ambitiosa

178 3063 289 3118 morte
315 3056 565 3119 inclaruerunt”
590 3056 685 3139 (Agr.
709 3058 776 3139 42).
801 3058 1000 3122 Laudantur
1024 3058 1078 3120 hic
1100 3059 1158 3141 qui
1178 3058 1240 3120 sub
1260 3057 1377 3120 Domi·

181 3177 274 3238 tiano
299 3176 437 3239 modesti
459 3174 594 3239 fuerunt
615 3187 649 3240 et
669 3177 701 3238 in
723 3177 868 3258 obsequio
889 3178 1119 3258 perstiterunt,
1142 3179 1248 3260 iisque
1269 3198 1377 3262 oppo-

183 3305 308 3359 nuntur
330 3303 434 3378 atque
458 3296 539 3358 satis
562 3316 679 3359 severe
705 3296 975 3379 perstringuntur
1002 3298 1077 3378 „qui
1104 3298 1136 3359 in
1162 3297 1289 3360 nullum
1315 3298 1376 3361 rei·

185 3413 339 3494 publicae
371 3435 468 3477 usum
493 3416 673 3479 ambitiosa
698 3424 806 3479 morte
831 3415 1091 3480 inclaruemnt‘’.
1117 3415 1183 3499 Qui
1208 3427 1286 3481 sunt
1309 3416 1378 3481 illi?

185 3530 380 3616 Philosophi
400 3535 434 3597 in
456 3536 547 3598 curia
566 3536 676 3610 stoici,
697 3536 754 3617 qui
772 3536 907 3617 quidvis
924 3537 1055 3620 perpeti
1070 3537 1260 3600 maluerunt
1272 3558 1374 3619 quam

179 3667 195 3710 a
215 3661 313 3716 recta
332 3653 541 3716 conscientia
561 3653 615 3716 vel
635 3662 863 3717 transversum
885 3675 1031 3737 unguem
1050 3658 1257 3729 recederent,
1272 3664 1374 3737 atque

172 3786 259 3854 ergo
296 3771 485 3834 Domitiani
520 3774 696 3836 saevitiam
731 3793 864 3836 summa
899 3793 975 3836 cum
1010 3773 1167 3837 libertate
1202 3783 1373 3837 notarunt.

162 3883 258 3954 Non
280 3900 394 3974 potest
415 3911 484 3954 non
504 3893 663 3956 admirari
684 3894 773 3955 viros
794 3893 867 3955 illos
888 3914 1029 3975 magnos
1050 3893 1197 3968 TacituS,
1212 3902 1373 3958 ettamen

150 4006 224 4070 de
253 4030 372 4074 eorum
395 4012 553 4075 laudibus
576 4032 679 4094 quam
703 4012 884 4094 plurimum
910 4012 1089 4076 detrahere
1113 4014 1245 4077 studet:
1271 4014 1374 4076 sentit

142 4180 376 4201 3——

212 4297 250 4359 1)
268 4299 398 4348 Praeclare
417 4298 466 4349 hac
484 4298 517 4348 dc
536 4314 562 4348 re
581 4298 635 4363 egit
653 4297 807 4347 Boissierius
826 4299 853 4347 in
873 4298 905 4348 iis
924 4299 1197 4364 commentationibus,
1215 4314 1279 4364 quas
1295 4300 1373 4349 modo

134 4371 327 4435 hudonem.
