3210 5274
689 446 753 515 259

123 605 348 673 Scaevinus'':
374 612 455 673 dum
480 613 631 674 nondum
652 622 781 674 certum
802 621 874 674 erat
894 612 1028 694 qualem
1049 634 1084 674 se
1105 613 1318 695 praebiturus

124 738 213 790 esset
244 727 440 805 Scaevinus,
472 730 647 794 sortiterne
680 733 963 814 interrogationes
994 741 1097 814 atque
1122 733 1225 795 etiam
1250 741 1317 794 tor·

124 856 241 911 menta
272 848 485 926 toleraturus
510 871 552 913 an
578 851 791 914 confessurus
815 871 1099 934 communemque
1125 852 1318 934 proditurus

123 985 271 1030 causam.

168 1204 213 1268 A.
239 1206 317 1281 XV,
342 1207 395 1289 63.
421 1207 474 1270 De
500 1206 650 1272 Senecae
676 1216 784 1270 morte
809 1216 843 1270 et
867 1209 932 1271 alia
957 1218 991 1271 et
1015 1208 1099 1271 haec
1123 1209 1284 1290 legimus:

172 1325 387 1405 ,Novissimo
411 1347 548 1410 quoque
574 1337 749 1390 momento
772 1328 1014 1410 suppeditante
1035 1328 1240 1410 eloquentia,
1260 1327 1319 1390 ad·

123 1445 256 1507 vocatis
285 1447 507 1529 scriptoribus
539 1446 699 1529 pleraque
731 1448 880 1521 tradidit,
914 1468 1000 1528 quae
1024 1447 1059 1508 in
1084 1447 1203 1528 vulgus
1227 1447 1319 1509 edita

123 1565 195 1627 eius
220 1565 332 1628 verbis
355 1566 523 1629 invertere
547 1565 785 1649 supersedeo.”

168 1686 265 1749 Istud
288 1687 358 1749 eius
380 1686 491 1750 verbis
509 1707 585 1750 cum
605 1688 693 1750 edita
713 1686 922 1768 iungendum
943 1707 1015 1748 esse
1037 1695 1152 1749 monet
1174 1686 1319 1769 Nipper-

123 1805 230 1880 deius,
255 1814 290 1868 et
315 1826 433 1869 revera
458 1827 499 1868 ne
525 1815 638 1888 potest
659 1807 796 1887 quidem
818 1825 894 1868 cum
915 1805 983 1867 ullo
1003 1806 1069 1868 alio
1090 1806 1181 1887 iungi
1202 1806 1318 1881 verb0,

124 1925 206 2005 quin
239 1925 341 2006 plane
371 1925 415 1987 sit
445 1925 629 1986 absurdum
661 1932 696 1986 et
724 1933 846 1987 cuncta
871 1925 1056 2007 perturbet.
1083 1924 1211 1987 Verum
1237 1925 1317 2006 quid

123 2043 186 2106 sibi
212 2045 296 2120 vult,
320 2046 347 2106 si
373 2046 439 2107 iam
463 2064 540 2107 cum
563 2045 651 2107 edita
675 2046 826 2106 iunctum
852 2043 924 2106 est?
948 2043 1050 2106 Plane
1072 2064 1319 2126 supervacuum

124 2163 271 2226 videtur.
303 2162 431 2226 Annon
463 2184 516 2225 res
546 2163 619 2245 ipsa
648 2162 806 2245 loquitur,
831 2182 918 2244 quae
943 2183 962 2224 a
991 2161 1251 2244 „scriptoribus”
1276 2183 1320 2224 ex

123 2303 182 2346 ore
203 2281 355 2348 Senecae
373 2284 440 2345 sint
462 2291 616 2364 excepta,
638 2281 774 2344 Senecae
792 2281 901 2343 verbis
921 2283 954 2343 in
976 2281 1096 2363 vulgus
1116 2282 1208 2343 edita
1228 2279 1320 2343 esse?

123 2399 257 2483 Quodsi
282 2403 357 2484 quis
381 2409 497 2464 tamen
521 2401 717 2463 addendum
742 2402 908 2462 eiusmodi
932 2400 1059 2482 aliquid
1085 2400 1184 2463 luisse
1210 2409 1319 2482 putat,

123 2527 160 2581 ut
184 2530 276 2583 esset
299 2522 391 2603 quod
415 2521 457 2597 τῷ
482 2521 648 2583 invertere
671 2527 902 2601 opponeretur
925 2555 969 2564 —
994 2538 1107 2581 nonne
1132 2519 1185 2580 hic
1207 2519 1320 2581 dicen-

122 2638 206 2701 dum
242 2647 316 2702 erat
350 2640 456 2722 ipsius
488 2639 607 2713 verbis,
639 2638 742 2719 idque
775 2646 855 2699 ante
885 2638 973 2700 edita
1006 2636 1224 2719 ponendum?
1258 2638 1321 2700 His

123 2758 302 2841 perpensis
336 2758 417 2821 mihi
451 2779 492 2821 ne
524 2758 642 2820 umbra
674 2758 812 2838 quidem
845 2764 950 2819 restat
982 2757 1206 2819 dubitationis
1237 2758 1319 2839 quin

122 2875 309 2959 legendum
340 2877 401 2939 sit:
437 2877 535 2956 „meis
558 2876 670 2938 verbis
694 2876 863 2938 invertere
887 2874 1127 2957 supersedeo.”
1152 2875 1201 2938 Cl.
1227 2877 1320 2957 quod

121 3014 150 3057 c.
174 2995 218 3078 67
250 2994 362 3059 Subrii
395 2994 504 3058 Flavii
536 3014 699 3076 responso
730 2995 857 3056 tradito
888 2995 1042 3056 additur:
1080 2995 1171 3076 „ipsa
1202 2995 1317 3057 rettuli

122 3115 239 3190 verba,
260 3116 341 3197 quia
361 3136 441 3190 non,
465 3122 502 3177 ut
526 3113 687 3187 Senecae,
712 3113 850 3194 vulgata
874 3122 980 3187 erant,
1005 3134 1068 3176 nec
1093 3115 1203 3175 minus
1228 3116 1320 3177 nosci

124 3234 273 3297 decebat
292 3234 447 3297 militaris
466 3235 527 3296 viri
547 3253 664 3295 sensus
686 3233 879 3313 incomptos
900 3241 934 3294 ct
954 3231 1120 3309 valid0s”;
1135 3235 1208 3315 ipsa
1221 3235 1324 3298 retuli

124 3354 225 3418 verba
248 3355 270 3417 i.
290 3375 321 3417 e.
350 3374 437 3434 ,non
463 3354 547 3417 meis
570 3353 683 3415 verbis
707 3351 804 3412 Flavi
829 3370 1028 3432 responsum
1053 3353 1208 3414 inverti.''

168 3474 294 3540 Statim
312 3484 389 3558 post
402 3475 483 3538 illud
499 3473 608 3535 Flavii
621 3491 819 3553 responsum
833 3471 1005 3532 adduntur
1019 3470 1102 3533 haec
1116 3474 1201 3554 (cap.
1216 3475 1323 3553 eodl:

171 3594 286 3674 ,Nihil
308 3595 342 3656 in
362 3594 419 3657 illa
439 3592 672 3655 coniuratione
692 3590 829 3671 gravius
849 3588 985 3651 auribus
1000 3589 1146 3653 Neronis
1158 3594 1322 3655 accidisse

128 3715 290 3789 constitit,
322 3714 380 3795 qui
413 3721 449 3775 ut
473 3712 636 3775 faciendis
659 3709 842 3771 sceleribus
867 3717 1055 3791 promptus,
1081 3712 1128 3774 ita
1151 3714 1322 3789 audiendi,

129 3852 211 3915 quae
236 3834 376 3910 laceret,
400 3833 548 3896 insolens
570 3829 675 3893 erat.”

169 3954 207 4017 Iu
240 3973 328 4017 voce
360 3973 394 4035 q.
414 3973 444 4016 e.
466 3955 601 4035 faceret
623 3948 858 4011 coniunctivus
883 3948 1020 4028 probari
1046 3953 1182 4032 nequit:
1208 3975 1326 4017 sensus

131 4074 215 4137 enim
248 4082 320 4136 est:
356 4090 549 4152 ,nunquam
581 4068 672 4130 Nero
705 4065 794 4127 lacta
826 4085 886 4126 sua
911 4086 972 4127 suo
998 4069 1135 4131 nomine
1161 4072 1326 4153 appellari

131 4189 329 4267 audiebat”;
353 4188 590 4272 imperfectum
615 4196 749 4266 tempus
774 4204 893 4266 parum
919 4195 1049 4248 rectum
1071 4189 1223 4266 videtur,
1247 4213 1325 4256 nam

133 4312 233 4375 multo
259 4311 368 4393 magis
391 4309 446 4372 hic
470 4327 581 4370 sermo
606 4315 655 4368 est
679 4306 721 4366 de
748 4305 786 4365 iis
810 4304 911 4366 rebus
936 4326 1021 4386 quas
1046 4310 1104 4371 diu
1129 4324 1209 4375 ante
1234 4313 1327 4375 Nero

133 4432 338 4517 perpetravit
369 4449 472 4512 quam
504 4430 547 4491 de
578 4428 617 4488 iis
649 4426 682 4487 in
716 4424 839 4506 quibus
871 4445 947 4486 cum
982 4429 1132 4492 maxime
1165 4441 1326 4493 versatur.

1298 4744 1564 4944 fl
