3210 5274
662 389 823 454 ’45

202 553 410 633 designatus,
440 560 559 615 contra
582 554 732 616 studium
757 553 828 615 eius
852 561 1039 615 censuerat.
1065 551 1265 616 Commotus
1290 553 1400 634 primo

204 669 374 747 Vitellius,
400 691 468 733 non
493 679 608 734 tamen
633 672 721 735 ultra
745 691 847 753 quam
872 671 1026 734 tribunos
1051 671 1159 754 plebis
1183 670 1216 733 in
1237 669 1401 733 auxilium

202 797 338 871 spretae
363 790 544 871 potestatis
568 792 719 853 vocavit:
746 811 827 852 mox
849 790 1082 871 mitigantibus
1102 791 1229 864 amicis,
1250 791 1307 872 qui
1328 788 1402 852 alti·

203 927 299 971 orem
320 909 529 971 iracundiam
550 909 620 970 eius
642 909 856 984 verebantur,
879 909 961 971 nihil
983 911 1061 971 novi
1081 909 1244 971 accidisse
1265 928 1403 990 respon·

202 1027 266 1103 dit,
290 1029 384 1109 quod
408 1028 477 1090 duo
496 1036 671 1091 senatores
691 1029 725 1091 in
746 1049 781 1091 re
803 1027 939 1110 publica
956 1028 1188 1091 dissentirent:
1209 1028 1345 1091 solitum
1365 1049 1401 1091 se

203 1149 309 1211 etiam
334 1147 506 1210 Thraseae
530 1147 797 1211 contradicere”.

252 1267 386 1330 Revera
416 1266 623 1348 lepidissime
655 1267 785 1329 iocatus
814 1274 865 1329 est
890 1265 1048 1329 Vitellius
1073 1266 1401 1349 urbanissimumque

205 1406 242 1449 se
267 1386 447 1467 praestitit,
473 1405 595 1467 neque,
616 1394 652 1448 ut
673 1387 804 1467 opinor,
825 1394 906 1447 tunc
928 1394 1030 1460 certe,
1051 1393 1123 1447 erat
1143 1405 1202 1447 cur
1222 1386 1401 1467 quisquam

204 1504 360 1568 altiorem
393 1505 464 1566 eius
495 1505 705 1567 iracundiam
738 1512 919 1566 vereretur.
952 1502 1053 1585 Quod
1077 1511 1191 1566 autem
1215 1503 1402 1566 Thraseam

206 1623 262 1686 hic
288 1625 503 1705 potissimum
529 1624 692 1698 nominat,
717 1643 864 1704 quocum
889 1623 970 1685 olim
995 1623 1184 1705 disceptare
1209 1624 1251 1685 sit
1275 1623 1403 1698 solitus,

206 1742 335 1805 nullam
359 1743 460 1805 aliam
484 1743 530 1805 ob
554 1762 691 1805 causam
715 1741 795 1805 illud
821 1741 858 1803 fit
883 1761 985 1824 quam
1009 1743 1102 1822 quod
1127 1743 1231 1824 ipsius
1254 1742 1403 1805 Helvidii

205 1879 304 1922 socer
339 1860 393 1922 ille
430 1859 503 1923 luit.
539 1859 740 1923 Admodum
775 1880 857 1941 ergo
894 1860 1009 1942 inepte
1043 1859 1087 1922 ab
1123 1861 1283 1924 historico
1319 1861 1403 1924 haec

205 1978 396 2042 adduntur:

253 2097 390 2160 Irrisere
414 2096 568 2179 plerique
593 2097 841 2179 impudentiam
865 2098 1115 2172 aemulationis;
1141 2098 1214 2160 aliis
1237 2098 1271 2162 id
1293 2099 1403 2181 ipsum

206 2215 378 2298 placebat,
410 2216 503 2297 quod
536 2216 707 2278 neminem
739 2217 783 2278 ex
813 2216 1104 2298 praepotentibus,
1133 2217 1192 2279 sed
1218 2216 1402 2280 Thraseam

206 2336 252 2397 ad
276 2334 453 2416 exemplar
477 2354 577 2396 verae
600 2333 727 2415 gloriae
751 2334 897 2415 legisset.

275 2452 363 2516 Tam
386 2472 543 2515 severum
566 2453 777 2534 scriptorem,
802 2460 872 2514 tam
898 2472 1016 2534 parum
1041 2462 1159 2534 aptum
1179 2453 1262 2515 iocis
1282 2453 1336 2516 vel
1356 2453 1404 2516 in·

206 2571 403 2653 telligendis
435 2571 489 2635 vel
520 2571 696 2634 narrandis
728 2571 786 2632 vix
814 2571 976 2633 credibile
1000 2581 1052 2633 est
1076 2592 1225 2653 unquam
1250 2573 1404 2654 populari

207 2692 266 2755 illa
284 2692 448 2774 loquendi
468 2693 600 2756 ratione
621 2712 717 2754 usum
737 2712 820 2766 esse,
841 2710 909 2772 qua
928 2711 1030 2773 saepe
1046 2691 1184 2774 aliquod
1200 2692 1404 2755 vocabulum

207 2813 257 2874 ita
293 2811 451 2893 ponimns
485 2821 522 2874 ut
553 2812 663 2894 quivis
695 2811 863 2892 intelligat
894 2831 956 2873 nos
988 2810 1069 2872 illud
1102 2831 1170 2874 non
1202 2813 1404 2893 quotidiano

207 2950 309 2993 sensu
340 2950 401 2992 sno
432 2931 491 2992 sed
525 2931 637 3012 potius
668 2931 838 2994 contrario
870 2929 1111 3010 accipivelle:
1140 2930 1307 3009 „ironice”
1331 2941 1404 2994 tum

207 3048 303 3130 loqui
335 3049 487 3123 dicimur,
521 3069 640 3131 parum
668 3050 806 3131 quidem
831 3055 998 3122 accurate,
1023 3049 1082 3110 sed
1108 3049 1326 3130 pervulgatus
1350 3049 1405 3112 ille

208 3175 260 3231 est
293 3167 387 3230 vocis
410 3166 546 3244 εἰρωνεία
571 3177 605 3229 et
630 3188 745 3232 earum
770 3188 857 3250 quae
882 3187 959 3229 cum
984 3166 1040 3229 illa
1063 3167 1248 3230 cohaerent
1270 3168 1404 3232 abusus.

208 3287 258 3350 At
283 3286 388 3349 semel
411 3296 527 3350 tamen
551 3323 595 3333 -
617 3295 676 3349 aut
701 3307 764 3367 ego
788 3288 870 3367 quid
896 3287 960 3348 sibi
984 3286 1065 3349 velit
1091 3307 1158 3350 non
1184 3286 1336 3368 intelligo
1361 3323 1405 3333 —

208 3409 257 3470 ita
281 3407 421 3469 Tacitus
444 3426 582 3488 quoque
606 3405 740 3468 locutus
764 3412 825 3467 est.

254 3525 301 3588 H.
327 3525 369 3600 II,
397 3542 448 3606 30.
477 3525 531 3587 De
561 3522 708 3588 Caecina
732 3532 766 3586 et
790 3523 948 3598 Valente,
975 3522 1234 3586 Vitellianarum
1259 3525 1404 3605 partium

208 3644 365 3718 ducibus,
390 3643 473 3707 haec
498 3652 690 3706 narrantur:

258 3762 475 3842 ,Aemulatio
494 3763 656 3826 ducibus:
678 3761 823 3824 Caecina
845 3770 881 3823 ut
901 3760 1039 3824 foedum
1060 3780 1098 3823 ac
1117 3760 1336 3836 maculosum,
1350 3761 1404 3824 ille

208 3892 246 3946 ut
270 3883 440 3945 tumidum
464 3903 504 3945 ac
529 3902 655 3946 vanum
679 3881 884 3943 inridebant.
909 3877 976 3943 Sed
998 3881 1137 3942 condito
1158 3881 1239 3943 odio
1259 3881 1404 3944 eandem

208 4001 394 4064 utilitatem
414 4000 538 4076 fovere,
559 4000 686 4064 crebris
704 3999 857 4082 epistolis
874 3997 998 4080 probra
1014 3998 1143 4062 Othoni
1160 3998 1405 4063 obiectantes”.

254 4118 347 4201 Quid
380 4127 431 4180 est
460 4119 595 4182 eandem
627 4118 803 4183 utilitatem
828 4116 973 4198 favere?
1004 4116 1117 4179 Vertit
1141 4118 1309 4181 Ritterus:
1338 4119 1404 4199 ,sie

209 4237 401 4319 veriolgten
433 4236 588 4300 dasselbe
618 4235 818 4301 Interesse”.
844 4235 911 4299 Sed
937 4235 1116 4299 verisimile
1141 4256 1208 4299 non
1233 4245 1285 4299 est
1308 4237 1406 4300 Taci-

210 4366 283 4419 tum
313 4375 385 4418 rem
418 4364 489 4417 taru
521 4357 680 4420 usitatam
711 4367 781 4420 tam
806 4353 983 4436 exquisitis
1005 4354 1195 4436 appellasse
1219 4354 1405 4420 vocabulis.
