3210 5274
778 317 821 382 ²4

199 485 404 566 imperatore
429 485 521 566 loqui
547 504 614 546 non
635 484 776 566 possint.
797 483 972 566 Quidquid
993 485 1036 546 de
1058 503 1100 546 eo
1121 484 1239 547 dicunt
1259 482 1397 565 plenum

199 624 272 667 esse
304 604 407 666 debet
440 603 683 680 contumeliae;
717 624 809 685 ergo,
841 624 918 666 cum
949 603 1136 666 secundum
1161 604 1243 666 artis
1267 602 1398 685 logicae

201 732 383 805 praecepta
415 723 599 785 dicendum
632 730 737 785 esset:
769 723 870 801 „dum
895 741 956 784 nos
980 731 1115 804 tempus
1137 722 1281 785 terimus
1306 721 1399 786 Otho

200 844 368 925 imperare
399 841 521 904 discit”
553 842 600 903 sic
633 841 833 923 loquuntur:
870 843 970 904 ›dum
1003 861 1064 904 nos
1095 850 1231 924 tempus
1259 842 1400 905 terimus

201 960 294 1024 Otho
318 962 451 1024 imitari
467 961 652 1042 principem
677 959 799 1022 discit”
824 958 929 1042 (Belg.
957 960 1138 1042 „keizertje
1162 958 1329 1042 spelen”).

246 1080 402 1162 Suspicor
434 1088 547 1142 autem
572 1079 693 1142 eodem
717 1080 821 1141 modo
845 1080 1045 1160 accipienda
1068 1098 1141 1142 esse
1165 1079 1271 1141 verba
1297 1099 1398 1160 quae·

202 1197 290 1271 dam,
324 1218 410 1278 quae
442 1196 534 1259 Ann.
564 1196 589 1271 I,
613 1214 636 1275 4
659 1196 833 1278 leguntur;
860 1206 952 1261 certe
975 1198 1023 1260 sic
1047 1199 1185 1260 demum
1209 1217 1288 1260 cum
1314 1199 1400 1260 acci·

202 1316 323 1398 pimuS,
354 1316 479 1378 servari
511 1323 625 1398 potest
657 1315 759 1378 lectio
789 1316 925 1391 tradita,
957 1315 1083 1397 alioqui
1115 1316 1319 1378 mutandum
1348 1324 1400 1378 est

202 1433 339 1515 aliquid.
373 1433 429 1495 Ad
455 1433 633 1515 imperium
659 1453 735 1496 cum
759 1434 906 1496 venisset
931 1432 1097 1508 Tiberius,
1123 1434 1234 1497 varius
1259 1442 1332 1498 erat
1357 1434 1399 1497 de

202 1574 243 1616 eo
268 1573 391 1616 rumor.
416 1552 588 1615 Virtutem
612 1551 769 1615 bellicam
795 1571 895 1614 nemo
920 1552 950 1615 ei
975 1551 1177 1633 denegabat,
1202 1553 1264 1615 sed
1284 1572 1399 1634 super·

202 1672 293 1735 biam
325 1673 354 1735 ei
387 1674 537 1736 innatam
571 1672 816 1752 saevitiamque
848 1671 915 1733 iam
947 1679 1183 1754 erumpentem
1209 1670 1306 1734 multi
1332 1691 1399 1734 me·

202 1791 355 1854 tuebant.
382 1791 430 1854 Ut
454 1789 565 1853 Taciti
592 1798 666 1852 utar
690 1788 818 1851 verbis:

249 1909 349 1971 Hunc
382 1917 416 1970 et
448 1909 556 1991 prima
588 1907 632 1970 ab
661 1907 803 1970 infantia
826 1909 987 1970 eductum
1012 1908 1045 1969 in
1070 1907 1174 1969 domo
1200 1908 1400 1989 regnatrice,

204 2035 384 2108 congestos
408 2027 521 2089 iuveni
546 2025 750 2100 consulatus,
775 2025 980 2107 triumphos:
1006 2045 1049 2088 ne
1073 2025 1113 2087 iis
1133 2026 1273 2107 quidem
1294 2027 1401 2100 annis,

204 2145 326 2225 quibus
348 2145 461 2207 Rhodi
481 2146 594 2227 specie
615 2164 766 2206 secessus
786 2143 920 2206 exulem
941 2145 1058 2225 egerit,
1081 2142 1172 2206 aliud
1193 2164 1297 2226 quam
1317 2146 1400 2207 iram

204 2271 238 2324 et
262 2262 513 2325 simulationem
537 2272 572 2325 et
596 2271 743 2325 secretas
766 2262 925 2325 libidines
950 2262 1162 2325 meditatum.

247 2380 312 2442 Pro
342 2380 469 2443 exulem
502 2381 656 2444 certatim
688 2401 807 2443 omnes
838 2382 986 2444 editores
1015 2383 1049 2443 in
1074 2388 1208 2444 textum
1234 2381 1401 2464 recipiunt

205 2499 329 2561 Mureti
360 2498 590 2562 coniecturam
622 2500 709 2563 exul.
743 2499 791 2561 At
825 2520 889 2581 ego
921 2499 1048 2562 exulem
1079 2519 1157 2562 cum
1182 2498 1270 2581 lego,
1297 2499 1403 2563 multo

204 2619 324 2682 clarius
355 2620 457 2681 audio
489 2619 643 2681 inimicos
677 2618 803 2682 Tiberii
830 2620 872 2681 de
898 2619 1048 2681 moribus
1072 2619 1144 2681 cius
1167 2638 1245 2682 cum
1269 2639 1404 2683 summo

205 2738 285 2801 odio
317 2745 588 2819 contemptuque
619 2737 808 2819 loquentes.
837 2738 898 2800 Est
923 2736 1115 2816 λογικωτέρα
1141 2737 1266 2800 Mureti
1291 2737 1403 2813 lecti0‚

204 2858 294 2919 haud
319 2876 423 2938 nego:
449 2857 562 2938 specie
587 2877 737 2919 secessus
761 2857 918 2920 Tiberius
942 2856 1020 2919 exul
1044 2857 1124 2938 egit,
1149 2857 1322 2920 simulavit
1345 2878 1404 2920 sua

203 2985 325 3058 sponte
350 2996 385 3038 se
410 2975 570 3038 Rhodum
595 2976 782 3051 secessisse,
807 2995 925 3038 revera
949 2976 982 3038 in
1006 2974 1108 3038 exilio
1128 2974 1176 3036 ibi
1197 2975 1293 3037 vixit.
1316 2975 1403 3039 Con·

204 3105 256 3158 tra
288 3094 314 3156 si
347 3093 459 3157 verbis
489 3093 616 3156 exulem
647 3094 754 3176 egerit
783 3093 966 3155 adversarii
1000 3091 1045 3155 illi
1078 3093 1126 3155 usi
1152 3102 1241 3169 sunt,
1266 3094 1403 3157 sibimet

204 3213 267 3295 ipsi
299 3220 377 3274 sunt
410 3212 578 3288 oblocuti3
612 3213 672 3274 sed
704 3232 806 3293 saepe
837 3211 902 3274 hoc
931 3211 1023 3273 iratis
1047 3211 1252 3287 hominibus,
1277 3213 1403 3288 evenit,

205 3334 285 3394 dum
311 3350 411 3411 quam
433 3330 578 3412 plurima
598 3330 765 3392 vocabula
786 3330 920 3393 affectui
941 3350 1002 3393 suo
1022 3333 1284 3394 accommodata
1302 3333 1403 3396 simul

205 3449 390 3532 proferunt.
416 3449 610 3512 Vernaculo
634 3468 791 3511 sermone
815 3450 841 3510 si
867 3469 969 3530 quem
994 3451 1028 3511 in
1052 3449 1206 3513 familiari
1231 3449 1403 3533 colloquio

204 3569 251 3630 ita
283 3569 366 3630 iram
396 3588 491 3631 suam
519 3576 736 3630 evomentem
763 3568 965 3642 audiremus,
991 3567 1120 3650 logicae
1144 3570 1208 3632 arti
1232 3569 1302 3631 vim
1327 3590 1403 3632 eum

206 3686 315 3750 facere
341 3687 482 3751 fortasse
507 3706 549 3748 ne
573 3687 767 3749 audiremus
791 3687 940 3768 quidem.

250 3804 318 3868 Sed
351 3807 418 3868 iam
452 3806 588 3867 missum
621 3805 707 3868 facio
740 3805 882 3868 Pollium
908 3804 1126 3886 lepidamque
1151 3806 1222 3869 eius
1247 3806 1406 3869 observa·

205 3925 344 3987 tionem.
377 3924 461 3987 Tres
493 3944 537 3986 ex
569 3925 703 3987 diverso
734 3944 858 4006 genere
892 3921 1062 4005 proferam
1094 3923 1187 3985 locos
1217 3923 1274 3986 ubi
1301 3946 1405 3988 unum

205 4041 408 4104 vocabulum
445 4063 513 4105 non
546 4044 628 4106 satis
659 4044 746 4106 bene
778 4042 1000 4116 intellectum,
1034 4062 1103 4104 non
1133 4043 1215 4105 satis
1246 4055 1405 4109 accurate

205 4161 466 4235 consideratum,
493 4162 609 4224 turbas
633 4161 767 4224 dedisse
791 4160 947 4223 videatur
972 4180 1039 4222 non
1064 4161 1112 4224 ita
1136 4182 1269 4243 parvas.

250 4278 379 4341 Primus
402 4298 518 4340 eorum
543 4279 633 4342 haud
659 4281 761 4343 dubie
786 4288 964 4362 corruptus
987 4287 1049 4355 est,
1074 4281 1134 4343 sed
1159 4301 1237 4343 cum
1257 4282 1403 4346 antehac
