3292 5280
789 374 848 454 198

224 556 319 638 Quae
350 557 473 638 partim
507 557 622 635 inepte
654 562 732 615 sunt
761 552 944 626 enuntiata,
971 553 1093 634 partim
1119 551 1200 613 nihil
1224 552 1426 633 legentibus.

221 685 372 757 prosunt.
398 676 475 738 Non
497 675 607 736 minus
626 673 810 735 absurdum
829 673 1072 755 stupidumque
1092 672 1264 734 emblema
1284 673 1417 735 sustulit

222 796 283 870 Vl,
320 813 356 858 12
391 795 618 877 Nipperdeius
650 813 668 855 e
694 792 822 854 verbis:
853 801 950 874 „post
974 800 1132 855 exustum
1159 790 1288 878 [sociali
1313 789 1416 878 bello]

223 914 464 997 Capitolium.''

270 1035 310 1096 A.
334 1034 393 1108 Vl,
416 1051 467 1113 24.
490 1034 542 1096 De
563 1033 751 1095 tristissima
769 1032 1002 1113 dirissimaque
1016 1032 1127 1107 Drusi,
1142 1031 1336 1095 Germanici
1350 1031 1416 1105 filii,

223 1163 333 1217 morte
357 1163 392 1216 et
410 1154 481 1216 'alia
505 1163 538 1216 et
564 1153 648 1215 haec
673 1162 867 1215 narrantur:

270 1275 403 1354 ,Etiam
427 1294 487 1335 sua
511 1273 614 1335 verba
638 1273 791 1335 centurio
815 1273 976 1334 saevitiae
997 1271 1107 1354 plena,
1128 1279 1305 1354 tamquam
1326 1293 1418 1353 egre-

224 1396 326 1477 gium,
348 1414 517 1474 vocesque
538 1392 728 1455 deficientis
747 1392 929 1464 adiecerat,
950 1392 1025 1472 quis
1038 1391 1147 1473 primo
1161 1388 1416 1476 [alienationem

225 1517 347 1578 mentis
371 1509 543 1598 simulans]
569 1513 665 1594 quasi
690 1531 750 1593 per
774 1511 982 1573 dementiam
1004 1510 1135 1574 funesta
1155 1511 1306 1585 Tiberio,
1327 1531 1417 1584 mox,

224 1634 281 1697 ubi
313 1654 435 1716 exspes
467 1634 556 1695 vitae
581 1632 651 1706 suit,
678 1632 859 1694 meditatas
882 1632 1157 1714 compositasque
1182 1632 1273 1694 diras
1297 1633 1420 1714 impre-

225 1752 397 1816 cabatur.”

271 1874 335 1936 Hic
360 1882 475 1935 tamen
497 1874 644 1935 editores
667 1891 795 1934 morem
816 1879 937 1953 gerunt
957 1871 1121 1934 Bahrdtio
1140 1871 1327 1934 absurdum
1348 1892 1419 1934 ver·

226 1993 345 2054 borum
366 1993 463 2074 quasi
475 2004 540 2074 per
554 1991 755 2054 dementiam
776 1991 1116 2073 interpretamentum
1137 1991 1265 2053 includi
1279 1991 1420 2053 iubenti.

225 2111 292 2175 Sed
326 2113 358 2174 in
389 2113 463 2194 ipso
493 2112 692 2174 narrationis
715 2111 811 2173 initio
835 2111 1107 2174 additamentum
1132 2111 1421 2193 deprehendimus

226 2252 294 2294 non
320 2233 429 2293 minus
453 2233 702 2313 importunum:

273 2352 421 2431 „Drusus
445 2353 569 2415 deinde
594 2352 828 2433 exstinguitur,
854 2371 930 2413 cum
955 2371 990 2414 se
1016 2353 1215 2414 miserandis
1238 2351 1419 2426 alimentis

227 2468 434 2556 [mandendo
458 2492 476 2533 e
501 2471 602 2534 cubili
627 2469 795 2557 tomento]
821 2491 947 2534 nonum
971 2473 1014 2534 ad
1036 2472 1125 2533 diem
1150 2472 1385 2535 detinuisset.'’

271 2592 373 2656 Unde
401 2592 490 2654 istud
516 2592 640 2653 habeat
664 2591 787 2654 sciolus
811 2593 935 2666 nesci0,
960 2592 1195 2673 perturbatum
1220 2601 1324 2674 atque
1350 2614 1421 2656 cor·

227 2720 364 2793 ruptum
390 2712 433 2773 ab
458 2732 499 2773 eo
523 2731 714 2773 sermonem
739 2710 916 2773 Taciteum
941 2721 1035 2774 certo
1059 2713 1139 2774 scio.

270 2831 337 2895 Sed
360 2853 402 2894 ex
424 2832 488 2894 hoc
509 2852 644 2913 quoque
665 2851 788 2911 genere
811 2830 917 2894 multo
930 2830 1025 2912 plura
1040 2830 1137 2893 nobis
1150 2830 1247 2893 affert
1261 2832 1420 2914 exempla

229 2953 404 3015 Mediceus
427 2952 529 3014 alter:

272 3073 331 3146 Xl,
368 3090 415 3153 13.
459 3072 527 3151 ,At
559 3070 718 3134 Claudius
751 3071 955 3133 matrimonii
987 3072 1038 3133 sui
1070 3071 1205 3152 ignarus
1236 3080 1271 3134 et
1305 3072 1420 3134 munia

226 3193 379 3255 censoria
403 3211 567 3273 usurpans
591 3211 619 3252 e.
633 3211 666 3271 q.
680 3190 728 3252 s.’'

272 3312 408 3373 Prorsus
440 3331 538 3372 sensu
571 3329 714 3372 vacuum
747 3330 819 3372 esse
850 3310 1058 3374 matrimonii
1086 3311 1140 3372 sui
1168 3311 1314 3392 ignarus
1337 3310 1419 3372 mihi

226 3439 376 3504 constat,
399 3451 476 3492 nam
498 3431 589 3511 quod
611 3430 766 3491 certatim
787 3431 879 3493 docti
900 3438 1198 3504 commentatores
1218 3430 1304 3492 alius
1317 3430 1420 3493 alium

227 3552 432 3625 describens,
458 3551 522 3613 huc
546 3551 690 3612 afferunt
717 3551 759 3612 H.
784 3551 809 3624 l,
835 3570 893 3632 49:
924 3551 1128 3630 „amicorum
1152 3549 1421 3634 libertorumque

228 3692 331 3753 usque
367 3671 409 3733 ad
443 3671 577 3752 culpam
609 3670 775 3752 ignarus’',
808 3672 841 3732 in
873 3691 914 3732 eo
945 3670 1022 3732 loco
1041 3670 1211 3752 'praesidii
1244 3670 1327 3734 nihil
1360 3681 1420 3734 est.

227 3791 399 3855 Omittunt
430 3792 520 3852 enim
554 3790 598 3852 illi
631 3790 723 3871 quod
757 3791 791 3852 in
819 3809 860 3852 eo
885 3790 937 3852 vel
963 3790 1158 3872 primarium
1184 3799 1246 3864 est,
1272 3811 1350 3853 nam
1374 3792 1421 3853 sic

227 3912 272 3972 ibi
297 3910 434 3972 Tacitus
459 3910 609 3991 scripsit:
641 3909 843 3987 ,amicorum
869 3909 1145 3990 libertorumque,
1171 3908 1229 3970 ubi
1255 3910 1286 3971 in
1314 3911 1422 3972 bonos

225 4031 408 4103 incidisset,
441 4030 512 4092 sine
544 4028 806 4111 reprehensione
839 4030 981 4110 patiens,
1013 4030 1040 4091 si
1065 4027 1143 4091 mali
1167 4027 1290 4103 forent,
1316 4049 1420 4110 usque

226 4153 269 4214 ad
294 4151 428 4231 culpam
454 4149 620 4230 ignarus”,
646 4151 692 4210 ita
717 4158 752 4210 ut
774 4148 842 4210 fere
864 4149 946 4211 nihil
967 4149 1000 4211 hi
1021 4149 1085 4210 loci
1106 4149 1194 4210 iuter
1213 4168 1249 4210 se
1271 4148 1421 4210 habeant

227 4291 424 4333 commune:
456 4270 597 4350 genitivi
628 4271 811 4332 anticorum
843 4269 1097 4350 libertorumque
1119 4269 1289 4351 apatierrs
1314 4270 1420 4350 magis

226 4410 328 4471 quam
346 4390 390 4450 ab
407 4391 549 4470 r'grrarm
566 4389 775 4470 dependent,
788 4408 864 4450 cum
878 4390 1020 4470 ignarus
1033 4408 1112 4450 vero
1124 4395 1197 4450 arte
1209 4389 1418 4469 iungendum
