3292 5280
799 407 856 468 141

228 570 420 653 imperante
451 568 668 632 Domitiano:
700 577 773 631 tum
804 570 895 632 enirn
927 576 1047 651 stupor
1077 568 1217 650 quidam
1247 578 1281 631 et
1305 576 1423 651 torpor

229 689 382 753 omnium
414 688 537 752 invasit
568 689 710 763 animos,
742 689 837 770 isque
868 688 915 770 (id
946 689 1039 769 quod
1063 674 1107 752 ad
1134 695 1286 751 nostmnr
1311 688 1422 751 locum

228 809 464 873 illustrandum
501 809 598 871 unice
631 828 745 871 veram
776 807 874 870 affert
905 807 1026 890 lucem)
1057 807 1156 871 simul
1190 809 1422 871 Romanorum

229 937 362 992 mentes
392 929 480 991 adeo
511 927 687 990 hebetavit
718 928 860 1010 utquid
886 926 1066 991 honestum
1091 938 1190 1003 esset,
1215 929 1297 1009 quid
1321 937 1421 1012 turpe

228 1056 263 1112 et
294 1047 557 1130 ignominiosum
589 1055 649 1110 aut
678 1046 848 1109 nescirent
878 1054 936 1109 aut
966 1067 1034 1109 non
1058 1048 1223 1110 sentirent
1247 1057 1281 1111 et
1305 1069 1422 1111 curare

228 1165 450 1250 negligerent.
484 1166 621 1229 Etenim
653 1174 725 1229 tum
761 1175 915 1245 ,nostrae
946 1167 978 1247 (i.
1004 1187 1033 1229 e.
1057 1168 1263 1250 senatorum)
1294 1160 1421 1233 duxere

229 1285 426 1349 Helvidium
448 1286 482 1348 in
502 1305 671 1348 carcerem
686 1305 814 1360 manus,
829 1305 890 1347 nos
904 1284 1044 1348 Maurici
1059 1287 1257 1369 Rusticique
1270 1289 1360 1352 visus
1373 1287 1420 1372 (Β),

228 1424 291 1467 nos
322 1405 495 1468 innocenti
527 1405 690 1487 sanguine
722 1403 865 1469 Senecio
896 1404 1078 1487 perludit’',
1109 1415 1147 1469 ut
1172 1408 1243 1490 ipse
1270 1408 1419 1471 declarat

228 1525 368 1587 Tacitus
391 1525 487 1607 (Agr.
510 1525 577 1607 45),
599 1545 686 1606 quae
707 1525 811 1587 verba
831 1544 933 1606 quam
954 1526 1153 1589 contineant
1172 1526 1419 1592 consessionem

227 1644 263 1708 et
298 1644 455 1727 proximo
486 1664 576 1707 anno
607 1645 742 1726 egregie
774 1645 971 1707 Boissierius
1004 1646 1172 1727 exposuit,
1204 1655 1239 1709 et
1270 1647 1420 1711 eiusdem

228 1764 325 1827 diarii
346 1784 388 1827 eo
407 1763 578 1846 fascicu10,
599 1784 701 1846 quem
722 1764 825 1826 modo
845 1763 1037 1839 laudabam,
1054 1765 1081 1826 si
1095 1764 1166 1826 fieri
1180 1773 1304 1848 potest,
1318 1769 1421 1831 etiarn

226 1885 439 1949 luculentius.
473 1885 564 1967 Ergo
595 1884 740 1948 crudelis
771 1884 827 1947 illa
859 1885 1046 1948 Domitiani
1073 1887 1228 1967 tyrannis
1252 1888 1421 1971 plerisque

227 2006 357 2068 ademit
377 2025 445 2067 non
466 2005 681 2087 prudentiam
701 2012 834 2067 tantum
855 2003 988 2066 civilem
1010 2013 1044 2066 et
1064 2005 1249 2087 politicam,
1262 2008 1305 2069 ad
1319 2028 1420 2089 quam

227 2145 362 2208 semper
393 2125 492 2207 pauci
523 2131 656 2187 tantum
688 2125 865 2204 pervenire
895 2124 1015 2198 solent,
1048 2124 1108 2187 sed
1134 2126 1235 2188 etiam
1260 2126 1420 2190 virtutem

227 2254 261 2309 et
292 2246 495 2329 dignitatern
529 2245 674 2319 civilem,
699 2245 792 2307 cuius
816 2243 869 2307 vel
894 2244 927 2306 in
951 2243 1058 2306 libera
1082 2245 1256 2328 republica
1281 2246 1334 2309 vel
1357 2248 1420 2310 sub

228 2368 368 2431 domino
399 2367 559 2448 aequiore
591 2375 625 2428 et
657 2365 785 2428 leniore
816 2365 1001 2427 admodum
1026 2365 1124 2447 pauci
1148 2374 1226 2428 sunt
1250 2375 1418 2449 expertes.

229 2486 302 2550 Hos
325 2508 444 2550 omnes
469 2507 557 2550 nunc
582 2487 722 2549 meliora
746 2485 905 2548 edocebit
926 2484 1081 2561 Tacitus;
1104 2485 1291 2550 Domitiani
1312 2487 1420 2569 qualis
1447 2464 1451 2470 ¹

226 2616 315 2671 esset
352 2607 540 2670 dominatio
573 2606 733 2688 aequales
767 2613 859 2667 recte
895 2605 1085 2687 perspicere
1117 2613 1151 2668 et
1182 2607 1306 2669 sentire
1340 2628 1421 2689 prae

226 2735 365 2810 torpore
397 2747 465 2790 non
497 2733 698 2809 potuerunt;
731 2724 796 2788 hoc
829 2725 990 2787 damnum
1021 2724 1160 2788 Tacitus
1184 2729 1421 2809 compensabit

224 2855 382 2910 accurate
406 2845 533 2908 Tiberii
556 2844 706 2908 facinora
730 2844 929 2907 enarrando
955 2843 1082 2906 Tiberii
1107 2865 1188 2927 ergo
1208 2854 1344 2928 tempus
1364 2847 1421 2910 illo

224 2974 384 3028 narrante
408 2965 550 3028 alterum
576 2963 762 3026 Domitiani
786 2971 922 3044 tempus
947 2961 1016 3037 fiet,
1041 2963 1168 3026 Tiberii
1194 2963 1283 3027 sacta
1304 2967 1421 3029 Domi-

224 3085 308 3147 tiani
343 3086 558 3149 atrocitatem
594 3083 815 3166 explicabunt
850 3082 1144 3164 illustrabuntque.
1181 3085 1227 3147 Et
1263 3086 1421 3149 miremur

223 3206 340 3281 etiam,
361 3205 418 3288 qui
439 3204 501 3268 hac
521 3212 635 3267 aetate
655 3203 812 3266 Taciturn
833 3211 990 3266 accurate
1009 3202 1140 3285 legerit,
1161 3204 1191 3266 ei
1208 3212 1279 3287 tam
1295 3206 1421 3269 similes

223 3325 313 3389 inter
335 3345 372 3388 se
397 3325 630 3388 Domitianum
655 3333 689 3387 et
713 3323 887 3386 Tiberium
911 3321 1040 3385 videri?

269 3445 392 3520 Taciti,
416 3446 459 3509 de
483 3444 744 3527 imperatoribus
768 3464 787 3506 e
810 3442 969 3525 gentibus
994 3442 1079 3506 Iulia
1103 3441 1311 3525 Claudiaque
1336 3445 1420 3508 iudi-

223 3563 314 3627 cium
343 3563 482 3627 serentis
505 3583 593 3645 quae
615 3564 658 3626 sit
686 3562 789 3643 „fides
813 3560 1159 3638 historica’',·dudum
1184 3563 1279 3625 multi
1304 3565 1419 3646 dispu-

223 3691 339 3746 tarunt
371 3692 405 3746 et
435 3683 521 3746 acris
552 3682 613 3746 suit
645 3683 688 3745 de
714 3682 777 3745 hac
802 3703 837 3744 re
863 3683 949 3744 inter
973 3682 1062 3745 viros
1086 3684 1207 3745 doctos
1231 3686 1416 3749 contentio

224 3802 262 3865 In
283 3823 326 3866 eo
346 3811 460 3865 autem
480 3811 589 3866 totam
611 3802 795 3865 consistere
815 3822 952 3864 causam
972 3809 1008 3864 ut
1024 3812 1206 3884 quaeratur
1222 3804 1265 3866 de
1287 3797 1419 3869 Tiberio

222 3930 336 3985 utrum
356 3942 485 4004 aequus
504 3942 546 3985 an
568 3922 711 4003 cupidus
731 3921 834 3984 iudex
855 3920 954 3983 fuerit
974 3920 1123 3997 Tacitus,
1144 3943 1279 4006 semper
1298 3945 1417 3989 omnes

223 4042 463 4105 intellexerunt
494 4050 529 4104 et
557 4042 749 4122 nuperrime
774 4041 908 4103 disertis
932 4041 1043 4103 verbis
1068 4045 1300 4123 pronuntiavit
1324 4045 1417 4107 Bois·

222 4163 349 4225 sierius
382 4162 490 4225 Recte
517 4182 598 4244 ergo
622 4161 810 4224 Karstenus
833 4168 975 4235 nostras,
1001 4161 1135 4224 cumin
1161 4162 1247 4226 hanc
1272 4185 1343 4227 rem
1368 4165 1416 4227 in·

223 4282 382 4364 quireret,
414 4301 454 4344 ea
485 4281 683 4364 praesertim
714 4279 852 4362 collegit
883 4300 970 4361 quae
1002 4281 1045 4344 de
1077 4281 1215 4344 Tiberio
1246 4303 1266 4345 a
1294 4282 1415 4346 Tacito

223 4423 340 4485 parum
366 4422 445 4465 vere
465 4410 600 4465 narrata
619 4402 824 4465 viderentur.
846 4399 948 4463 Cuius
968 4364 1100 4463 libellus
1120 4401 1198 4484 („de
1218 4402 1285 4466 fide
1305 4402 1416 4467 Taciti
