3292 5280
808 389 867 437 102

283 555 422 617 Tacitus
454 562 573 617 contra
601 554 634 616 in
659 553 715 616 illo
741 555 878 617 demum
902 555 1043 618 consilio
1068 555 1214 630 militari,
1239 558 1336 639 quod
1360 565 1436 620 ante

237 675 346 758 ipsam
380 694 528 757 pugnam
562 673 715 735 habitum
746 674 788 736 sit
821 676 864 755 (v.
890 695 918 737 c.
946 692 985 756 33
1011 683 1045 737 et
1071 676 1135 758 39),
1162 676 1343 739 decretum
1367 697 1435 738 esse

237 795 284 856 ait
318 804 353 856 ut
386 792 479 857 Otho
514 792 689 855 Brixillum
714 793 994 875 proficisceretur,
1019 803 1194 876 tamquam
1219 795 1248 858 si
1273 795 1435 858 hactenus

237 935 372 997 semper
393 914 426 977 in
447 914 565 976 castris
584 913 757 977 adfuisset.
782 915 834 993 ,Is
854 915 981 996 primus
1002 915 1075 978 dies
1091 914 1309 978 Othonianas
1325 925 1434 998 partes

237 1033 380 1096 afflixit’'
405 1033 490 1096 haec
514 1042 593 1096 sunt
619 1035 723 1096 verba
746 1035 827 1096 eius
850 1035 888 1097 ln
909 1035 1051 1098 consilio
1071 1035 1219 1110 militari,
1243 1038 1339 1119 quod
1362 1046 1434 1119 post

238 1175 387 1238 pugnam
408 1154 561 1227 habetur,
583 1175 649 1236 ope
671 1155 917 1218 Moesiacarum
937 1157 1110 1238 copiarum
1128 1155 1300 1221 fortunam
1315 1160 1432 1221 mutari

239 1294 337 1356 posse
362 1272 584 1337 declaratur”.

283 1394 335 1455 De
367 1394 440 1475 ipsa
472 1393 700 1475 discrepantia
732 1394 814 1456 nihil
845 1395 940 1457 dico:
968 1396 1087 1458 adesse
1110 1416 1187 1459 earn
1212 1397 1290 1478 quis
1315 1397 1434 1480 neget?

238 1512 305 1576 Sed
324 1514 416 1593 quod
435 1511 491 1574 illa
508 1513 598 1575 nisus
615 1513 848 1576 Mommsenus
861 1515 1038 1578 contendit
1052 1516 1134 1578 mihi
1147 1517 1288 1597 quidem
1304 1518 1434 1580 videtur

237 1631 461 1694 falsissimum.
494 1631 549 1695 Sic
582 1632 672 1694 enim
705 1633 872 1715 disputat:
909 1635 971 1714 „de
997 1635 1161 1697 industria
1186 1637 1358 1716 quaedam
1383 1638 1433 1699 hic

237 1753 358 1815 reticet
382 1752 531 1827 Tacitus,
556 1760 589 1814 et
613 1753 661 1814 sic
684 1762 794 1815 totum
815 1755 858 1817 de
879 1754 1026 1818 Othonis
1047 1763 1156 1817 morte
1175 1755 1292 1818 locum
1313 1757 1361 1819 ita
1381 1758 1434 1819 de·

238 1881 374 1954 torquet
398 1881 436 1934 ut
461 1871 643 1934 narrationi
664 1873 813 1953 tragicae
833 1873 892 1936 hat
912 1875 1034 1955 aptior.
1055 1874 1192 1937 Reticet
1211 1895 1434 1958 quaecunque

238 1992 445 2055 documento
466 2000 543 2054 sunt
564 1993 801 2074 desperatione
822 1992 996 2057 Othonem
1015 1993 1059 2057 ad
1078 2001 1223 2056 mortem
1239 2003 1374 2070 actum;
1390 1997 1434 2058 sic

237 2111 292 2173 ille
317 2111 416 2173 heros
440 2110 477 2172 fit
501 2111 658 2193 tragicus
683 2113 740 2192 qui
761 2113 895 2175 duobus
916 2112 1071 2175 inclaruit
1091 2111 1309 2187 facinoribus,
1330 2114 1434 2176 altero

238 2230 499 2313 flagitiosissimo
519 2231 626 2294 altero
647 2233 798 2313 egregio;
820 2231 963 2295 alterurn
984 2231 1066 2294 illud
1087 2231 1216 2295 lacinus
1238 2232 1434 2297 Plutarchus

238 2372 306 2414 non
330 2352 500 2434 egregium
527 2359 628 2413 vocat
652 2353 723 2426 sed,
749 2352 856 2414 multo
882 2353 1114 2428 verecundius
1140 2352 1391 2432 styrvtmpov’t

284 2470 349 2532 Hic
371 2470 451 2533 mihi
473 2471 707 2533 Mommsenus
728 2471 799 2553 ipse
819 2470 929 2533 facere
950 2471 1085 2534 videtur
1102 2471 1195 2553 quod
1212 2473 1338 2536 Tacito
1354 2475 1432 2536 vitio

238 2591 311 2652 dat:
333 2590 455 2652 utalia
477 2590 627 2662 reticeat,
649 2590 714 2652 alia
735 2591 957 2672 distorqueat.
975 2589 1066 2671 Quid
1084 2591 1298 2672 distorqueat
1313 2601 1433 2675 sponte

237 2719 390 2792 apparet,
415 2711 496 2793 quid
523 2711 664 2772 reticeat
688 2709 822 2773 duobus
845 2711 937 2773 hisce
960 2710 1054 2773 locus
1078 2711 1208 2792 optime
1232 2710 1431 2774 illustratur:

282 2830 326 2892 A.
348 2830 540 2904 Suetonius,
561 2830 640 2893 licet
661 2830 794 2892 disertis
813 2830 924 2892 verbis
940 2831 1045 2892 dicat:
1063 2830 1149 2893 nulli
1156 2842 1296 2915 pugnae
1310 2833 1432 2916 adfuit,

237 2949 384 3013 Othonis
410 2958 554 3012 mortem
579 2948 810 3028 rpxyrxnrr'va
836 2951 940 3013 etiam
964 2949 1093 3013 reddit:
1113 2949 1213 3013 affert
1233 2953 1325 3014 enirn
1346 2973 1376 3015 c.
1399 2969 1433 3015 10

237 3069 470 3129 testimonium
497 3069 611 3150 (idque
631 3072 685 3132 sui
699 3070 823 3152 patris)
845 3068 1018 3132 Othonem
1037 3083 1165 3153 semper
1186 3069 1315 3133 bellum
1337 3071 1431 3134 civile

237 3206 310 3247 esse
349 3187 566 3261 detestatum,
602 3197 637 3250 et
671 3188 845 3269 quomodo
882 3187 1010 3251 Othoni
1047 3187 1224 3251 consilium
1261 3191 1311 3251 sui
1348 3191 1430 3253 occi-

237 3305 339 3366 dendi
365 3315 481 3367 natum
505 3307 548 3368 sit
574 3308 764 3370 narratione
785 3307 929 3370 illustrat
948 3308 991 3370 ad
1012 3308 1144 3370 animos
1163 3311 1429 3372 commovendos

236 3425 410 3506 aptissima
428 3423 459 3506 ¹).

282 3545 317 3607 B.
351 3546 423 3608 lam
461 3546 624 3608 Martialis
659 3555 813 3629 tempore
850 3547 1007 3610 exstabat
1042 3546 1270 3627 ,dramatica’'
1303 3548 1361 3611 illa
1389 3549 1429 3611 de

237 3664 383 3728 Othonis
409 3675 517 3727 morte
543 3666 659 3747 opinio
684 3667 745 3741 Vl,
771 3683 828 3748 32:

415 3784 501 3848 Cum
526 3785 694 3849 dubitaret
718 3787 826 3849 adhuc
850 3786 928 3848 belli
955 3786 1062 3849 civilis
1086 3786 1197 3868 Enyo,

461 3905 618 3967 Forsitan
645 3914 678 3967 et
703 3905 812 3967 mollis
835 3907 964 3969 vincere
981 3918 1092 3989 posset
1114 3904 1220 3980 Oth0,

416 4024 601 4085 Damnavit
625 4023 732 4085 multo
756 4033 921 4087 staturum
946 4025 1108 4106 sanguine
1135 4023 1293 4099 Martem,

459 4143 504 4204 Et
529 4142 615 4206 fodit
639 4151 730 4205 certa
756 4152 895 4226 pectora
919 4152 992 4207 tota
1017 4164 1128 4207 manu.

274 4314 300 4380 1)
325 4314 374 4362 llla
402 4313 514 4361 narratio
540 4328 593 4360 non
619 4320 657 4361 est
682 4314 752 4377 apud
778 4313 897 4362 Tacitum
922 4329 953 4362 eo
979 4314 1046 4379 loco,
1071 4314 1116 4363 ubi
1142 4313 1175 4363 de
1200 4314 1308 4365 Othone
1333 4317 1429 4381 agitur3

236 4399 339 4448 demum
359 4400 408 4464 111Ἱ
430 4408 462 4463 54
482 4398 587 4464 legitur,
606 4400 652 4447 ubi
672 4399 773 4449 Vitellii
793 4415 832 4448 res
852 4407 1000 4448 tractantur.
