3210 5274
778 403 838 482 148

205 580 404 643 adversatus
435 588 535 657 esset,
565 582 644 663 quia
668 580 884 665 intelligebat
907 581 1021 644 favere
1046 581 1076 643 ei
1100 590 1270 657 senatum,
1297 603 1405 645 nonne

206 699 289 762 haec
311 720 448 782 quoque
468 701 539 763 eius
559 701 741 783 prudentia
761 701 983 764 vehementer
1003 709 1093 763 esset
1112 699 1307 764 laudanda?
1322 702 1405 764 Nam

205 839 265 882 cur
286 820 430 883 Hortalo
451 820 604 884 faverent
624 821 777 903 plerique
797 830 973 885 senatores
991 820 1147 885 sollerter
1167 823 1405 905 perspiciebat,

206 959 330 1020 nempe
362 948 398 1002 ut
429 940 493 1021 ipsi
525 961 662 1023 quoque
695 941 787 1005 idem
817 940 985 1004 haberent
1013 942 1176 1023 egestatis
1201 941 1404 1017 subsidium;

206 1079 268 1140 pro
299 1059 429 1120 aerario
462 1079 543 1141 ergo
567 1061 733 1142 pugnavit
756 1059 899 1136 fortiter,
925 1069 1124 1142 certamque
1148 1061 1193 1123 ab
1219 1080 1262 1124 eo
1286 1062 1406 1124 avertit

205 1177 390 1258 perniciem
415 1176 582 1241 nullorum
607 1181 733 1242 veritus
754 1181 837 1243 iram
858 1180 1102 1261 invidiamque.
1123 1177 1217 1260 Quid
1240 1181 1406 1243 attinebat

204 1296 269 1359 hoc
290 1317 367 1360 eum
389 1298 617 1362 condemnare
637 1300 763 1364 iudicio
784 1320 851 1362 non
873 1301 980 1382 magis
1002 1299 1171 1362 malevolo
1188 1320 1296 1382 quam
1309 1300 1403 1364 t'also:

253 1417 368 1496 „Haec
398 1427 501 1500 atque
525 1419 616 1493 talia,
640 1439 848 1500 quamquam
872 1439 950 1481 cum
974 1419 1121 1481 adsensu
1145 1419 1265 1483 audita
1290 1419 1335 1483 ab
1359 1419 1403 1492 iis,

205 1536 328 1616 quibus
348 1537 463 1599 omnia
483 1538 684 1621 principum,
705 1538 840 1602 honesta
859 1550 958 1621 atque
977 1538 1157 1613 inhonesta,
1174 1538 1317 1602 laudare
1337 1557 1404 1601 mos

205 1663 267 1730 est,
292 1655 405 1736 plures
429 1677 490 1738 per
514 1657 684 1720 silentium
709 1666 769 1720 aut
793 1657 966 1721 occultum
991 1679 1142 1721 murmur
1166 1657 1373 1741 excepere”?

250 1773 318 1838 Cur
348 1775 526 1841 inhonestis
555 1777 798 1841 adnumeratur
830 1777 1003 1860 praeclara
1034 1777 1163 1841 Tiberii
1196 1779 1319 1852 oratio,
1349 1784 1404 1840 aut

205 1904 296 1957 certe
320 1895 354 1958 in
379 1896 492 1959 medio
517 1896 717 1979 relinquitur
742 1906 854 1961 utrum
879 1898 922 1960 ad
947 1897 1128 1961 inhonesta
1153 1897 1269 1979 potius
1294 1918 1338 1960 an
1363 1897 1403 1960 ad

205 2014 348 2077 honesta
380 2016 423 2078 sit
447 2014 644 2079 referenda?
669 2015 756 2080 Cum
780 2017 980 2099 praesertim
1004 2016 1108 2078 etiam
1133 1992 1405 2079 commemolan·

205 2136 285 2198 dum
317 2136 360 2197 sit
392 2137 566 2217 egregium
598 2136 726 2199 Tiberii
758 2135 896 2211 sactum,
926 2155 994 2217 quo
1019 2134 1094 2198 luce
1118 2134 1242 2198 clarius
1266 2136 1404 2199 demon·

203 2256 323 2318 stravit
347 2275 415 2318 non
435 2275 533 2318 suum
553 2257 613 2318 sed
635 2255 842 2338 reipublicae
863 2256 1083 2319 commodum
1104 2255 1204 2318 unice
1225 2256 1322 2320 cordi
1342 2255 1402 2317 sibi

205 2395 295 2437 esse:
321 2376 448 2438 etenim
473 2396 517 2437 ex
540 2395 601 2438 sua
623 2395 702 2438 arca
723 2372 897 2438 Hortensii
918 2375 993 2438 filiis
1013 2377 1146 2439 ducena
1165 2374 1403 2437 adnumeravit

204 2497 369 2571 sestertia,
401 2505 505 2577 atque
533 2496 624 2578 (nam
648 2494 713 2556 hoc
738 2496 841 2558 etiam
865 2495 1011 2578 gravius)
1036 2496 1178 2558 reticere
1204 2516 1273 2559 non
1299 2496 1404 2578 possit

203 2617 348 2698 scriptor
380 2625 500 2698 postea
525 2615 722 2697 apparuisse
746 2615 839 2677 omni
864 2613 990 2677 auxilio
1014 2615 1192 2696 indignum
1217 2635 1291 2677 esse
1318 2615 1403 2678 Hor-

204 2734 320 2797 talum.
346 2735 434 2797 Nam
459 2735 552 2816 quod
577 2732 669 2796 illam
694 2754 765 2796 rem
789 2733 842 2796 his
865 2741 1010 2796 exornat
1034 2733 1147 2796 verbis
1170 2733 1331 2797 Tacitus:

252 2854 392 2936 „Neque
425 2853 603 2917 miseratus
634 2861 686 2915 est
717 2851 860 2935 posthac
892 2852 1059 2927 Tiberius,
1092 2853 1250 2933 quamvis
1282 2854 1403 2916 domus

204 2973 379 3036 Hortensii
404 2974 601 3057 pudendam
625 2974 669 3035 ad
695 2972 845 3054 inopiam
870 2969 1108 3034 delaberetur”

204 3094 286 3174 quid
318 3102 407 3156 esset
439 3094 473 3156 in
502 3094 682 3176 iniquitate
706 3112 876 3156 summum
901 3091 1097 3155 declaravit.
1123 3090 1180 3154 An
1204 3091 1287 3155 boni
1313 3094 1402 3175 prin·

202 3213 286 3294 cipis
306 3223 357 3276 est
377 3222 446 3276 tam
467 3215 524 3277 diu
546 3214 710 3276 nobilium
731 3212 907 3275 hominum
927 3211 1057 3275 levitati
1078 3219 1113 3274 et
1134 3212 1276 3275 vanitati
1298 3233 1400 3296 opem

202 3330 298 3409 ferre,
324 3333 432 3395 donec
453 3341 516 3430 'aut
540 3334 705 3396 aerarium
729 3333 772 3395 sit
796 3331 1000 3395 exhaustum
1024 3339 1082 3394 aut
1106 3331 1180 3413 ipse
1200 3331 1400 3413 pudendam

200 3452 244 3515 ad
269 3453 419 3534 inopiam
444 3451 639 3534 delapsus'’?

245 3572 288 3647 II,
318 3574 369 3652 84.
404 3571 496 3635 Nihil
520 3593 540 3634 a
564 3573 703 3635 Tiberio
727 3570 794 3634 dici
819 3570 981 3652 potuisse,
1007 3571 1163 3652 quamvis
1188 3579 1278 3634 esset
1303 3572 1400 3635 inno·

198 3712 310 3768 cuum,
342 3694 422 3774 quin
454 3692 708 3755 acerbissimum
742 3691 911 3754 inveniret
942 3710 1118 3754 censorem
1149 3690 1320 3768 Tacitum,
1345 3692 1399 3754 hic

199 3814 292 3876 locus
317 3811 370 3874 vel
395 3813 576 3895 praecipue
602 3813 810 3875 documento
836 3820 904 3874 est:
1125 3771 1141 3815 l

248 3932 425 4012 „Ceterum
446 3933 573 3994 recenti
590 3932 702 3995 adhuc
717 3932 887 3994 maestitia
900 3930 957 4012 (sc.
971 3930 1017 3994 ob
1031 3937 1177 3993 mortem
1191 3929 1400 4015 Germanici)

198 4073 293 4114 soror
321 4051 497 4114 Gemanici
521 4051 631 4125 Livia,
655 4060 763 4134 nupta
787 4051 909 4125 Druso,
934 4050 1020 4112 duos
1044 4049 1149 4112 virilis
1171 4069 1274 4112 sexus
1298 4050 1400 4114 simul

199 4173 300 4234 enixa
324 4170 408 4234 est”.

245 4291 354 4372 Quem
388 4310 456 4352 non
489 4291 532 4352 de
565 4288 666 4371 plebe
697 4310 800 4352 avum
831 4288 999 4352 eiusmodi
1031 4308 1084 4351 res
1115 4289 1238 4372 insigni
1271 4289 1401 4355 afficiat

198 4407 344 4490 gaudio?
373 4409 450 4490 Ipse
475 4408 614 4471 Tacitus
638 4417 781 4472 testatur
804 4409 887 4471 illud
915 4428 1047 4490 „rarum
1071 4408 1269 4494 laetumque
1293 4413 1400 4476 etiam
