3292 5280
795 382 835 447 34

214 542 313 606 simul
335 543 499 606 eiusmodi
521 553 556 606 ut
578 545 611 606 in
630 565 740 608 rerum
754 553 872 607 natura
884 543 985 606 luisse
998 542 1135 604 credere
1149 560 1216 603 non
1230 541 1417 622 possimus.

217 663 308 745 Ergo
340 664 522 726 narrationi
554 662 641 726 hanc
674 664 811 726 subesse
836 663 1014 725 veritatem
1039 660 1266 742 suspicamur:
1295 679 1418 723 revera

214 782 304 844 Libo
328 783 442 844 animo
466 802 562 863 spem
586 783 758 863 quandam
783 783 867 844 fovit
892 781 1030 864 periculi
1055 781 1200 862 plenam,
1223 787 1258 841 et
1279 798 1418 842 summa

216 921 371 982 quaeque
403 911 605 983 exspectans
635 902 703 964 iarn
735 902 897 984 principis
927 901 1041 962 vivere
1070 899 1174 961 vitarn
1203 899 1333 980 coepit,
1358 918 1418 961 aes

213 1020 360 1083 alienum
384 1021 566 1095 contraxit,
590 1022 718 1083 amicos
738 1022 780 1082 ad
802 1020 899 1082 luxus
920 1020 1228 1099 necessitatumque
1251 1019 1418 1100 perduxit

214 1141 424 1214 societatem,
449 1140 559 1203 donec
584 1160 700 1202 eorum
722 1160 816 1214 unus,
837 1139 951 1214 Catus,
972 1138 1147 1201 metuebat
1168 1157 1266 1199 nese
1287 1137 1417 1199 Liboni

214 1257 384 1339 alligasset
416 1259 523 1340 magis
555 1279 656 1339 quam
689 1260 751 1340 ipsi
783 1258 865 1321 utile
889 1266 988 1332 esset,
1012 1266 1116 1339 atque
1140 1264 1176 1318 ut
1201 1256 1236 1318 et
1260 1255 1417 1338 periculo

214 1396 250 1438 se
274 1376 488 1439 subtraheret
508 1376 542 1440 et
562 1386 706 1459 accepto
727 1377 878 1460 praemio
899 1397 957 1440 aes
975 1375 1123 1439 alienum
1143 1374 1275 1437 solvere
1299 1381 1416 1456 posset

217 1496 386 1557 Libonem
418 1496 591 1558 indicavit.
620 1496 670 1559 Cf.
695 1494 773 1560 Sen.
799 1496 863 1578 Ep.
889 1512 942 1578 70,
971 1512 1027 1559 10:
1057 1494 1179 1574 „Drusi
1203 1493 1417 1556 Libonis...

218 1613 444 1676 adolescentis
468 1623 538 1677 tarn
562 1614 677 1678 stolidi
701 1634 804 1696 quarn
824 1614 956 1689 nobilis,
978 1614 1106 1676 maiora
1124 1612 1292 1696 sperantis
1312 1630 1417 1691 quarn

218 1732 276 1794 illo
300 1733 435 1795 saeculo
460 1735 638 1816 quisquam
662 1753 798 1816 sperare
822 1741 957 1815 poterat
981 1741 1039 1795 aut
1063 1733 1135 1814 ipse
1159 1729 1262 1794 ullo’'.

272 1851 381 1914 Multo
414 1871 468 1913 me
492 1850 620 1914 facilius
643 1852 791 1933 expedio
815 1872 833 1913 e
858 1850 1055 1914 difficultate
1079 1869 1182 1931 quam
1206 1847 1356 1912 narratio
1378 1847 1420 1910 de

219 1971 316 2055 falso
336 1973 492 2054 Agrippa
515 1972 619 2033 habet
644 1971 699 2052 (A.
726 1971 768 2046 11,
792 1971 858 2053 40).
884 1971 945 2033 Ille
969 1971 1059 2034 enim

317 2091 530 2172 percontanti
563 2090 710 2165 Tiberio,
736 2092 909 2171 quomodo
932 2089 1089 2172 Agrippa
1112 2087 1220 2151 iactus
1242 2095 1342 2161 esset,
1368 2105 1418 2148 re·

269 2210 445 2291 spondisse
469 2209 589 2273 fertur=
616 2209 799 2291 Quomodo
822 2217 857 2272 tu
880 2209 1012 2273 Caesar.

224 2327 245 2388 i.
270 2347 298 2388 e.
327 2325 464 2406 „salsum
490 2347 542 2389 me
567 2327 757 2410 Agrippam
782 2347 854 2390 esse
880 2328 997 2402 fateor,
1021 2329 1080 2390 sed
1101 2327 1223 2408 quibus
1243 2345 1308 2406 ego
1329 2324 1416 2387 irau-

226 2445 325 2507 dibus
349 2455 382 2507 et
407 2447 592 2508 mendaciis
615 2447 771 2529 Agrippa
794 2467 868 2509 sum
892 2447 1008 2521 factus
1033 2446 1153 2508 iisdem
1177 2454 1214 2508 tu
1235 2443 1417 2508 Caesares

225 2563 348 2626 iactus:
375 2562 476 2626 falsus
499 2566 589 2626 enim
614 2564 737 2628 Caesar
760 2565 828 2628 es”.

271 2681 428 2744 Petulans
461 2682 614 2764 proiecto
641 2705 839 2766 responsum
864 2684 1069 2767 plenumque
1094 2684 1331 2759 contumeliae,
1355 2685 1416 2747 sed

226 2820 294 2881 quo
318 2800 416 2863 simul
440 2821 535 2863 suam
559 2801 682 2865 fatetur
705 2804 850 2886 culpam.
877 2803 992 2884 Atque
1016 2804 1050 2866 id
1074 2823 1152 2866 eum
1175 2823 1237 2866 non
1257 2802 1418 2867 lecissee

225 2928 339 2982 cetera
370 2922 561 2983 narratione
593 2931 745 3004 apparet.
775 2923 966 3005 Tamquam
989 2923 1080 2985 enim
1103 2922 1287 2997 hominem,
1313 2944 1418 3007 quem

223 3046 259 3099 ut
285 3038 404 3120 culpae
428 3040 646 3102 convinceret
669 3061 737 3103 non
758 3042 821 3103 sibi
842 3042 1031 3123 contigerit,
1052 3041 1139 3105 clam
1159 3062 1237 3105 eum
1258 3044 1418 3106 occiden-

224 3159 304 3220 dum
324 3158 479 3221 Tiberius
492 3168 596 3222 curat.
611 3159 828 3243 Quapropter
840 3162 1055 3243 respondisse
1069 3181 1162 3224 reum
1175 3163 1416 3246 interrogando

223 3296 363 3340 censeo:
401 3276 602 3358 „Quomodo
626 3287 662 3341 tu
688 3279 810 3343 Caesar
820 3278 853 3342 ?”
878 3280 973 3343 Tunc
998 3281 1088 3342 enim
1112 3280 1177 3344 hoc
1201 3282 1301 3344 dicit:
1331 3302 1416 3364 ,ego

223 3415 290 3457 non
314 3408 389 3457 sum
406 3397 524 3478 sactus
546 3398 606 3460 sed
632 3407 729 3460 natus
754 3398 910 3480 Agrippa
918 3424 926 3474 ;
951 3407 987 3460 tu
1013 3399 1125 3480 potius
1149 3399 1203 3461 dic
1227 3401 1285 3481 qui
1305 3400 1416 3464 factus

222 3515 266 3576 sis
298 3513 438 3590 Caesam
470 3515 534 3578 hoc
565 3517 656 3578 enim
688 3537 812 3579 nomen
842 3519 935 3579 omni
959 3517 1123 3580 scelerum
1146 3538 1272 3599 genere
1296 3539 1333 3581 es
1356 3523 1415 3583 ad·

222 3632 354 3714 eptus”.
380 3631 414 3697 Si
438 3644 535 3696 antea
559 3634 664 3697 lassus
689 3636 755 3698 iarn
779 3645 878 3711 esset,
899 3637 1053 3718 ineptum
1073 3635 1161 3700 foret
1180 3657 1258 3701 eum
1278 3657 1413 3720 rogare:

223 3752 380 3830 quomodo
407 3753 526 3834 sactus
555 3774 589 3815 es
618 3755 772 3837 Agrippa
781 3756 807 3827 i,
840 3754 1005 3817 eiusmodi
1038 3755 1303 3837 interrogatione
1336 3777 1414 3821 eum

223 3869 319 3932 lateri
344 3881 501 3933 coactum
526 3872 600 3952 quis
625 3871 762 3935 credat?

268 4105 436 4187 Quoniam
476 4106 580 4169 semel
614 4109 649 4170 in
683 4110 954 4172 accusationibus
989 4111 1252 4193 criminibusque
1287 4134 1414 4190 versor,

224 4225 349 4287 addam
372 4223 424 4286 his
448 4245 491 4286 ex
515 4227 635 4288 eodem
660 4248 785 4309 genere
808 4229 920 4292 locum
940 4230 1087 4310 graviter
1108 4241 1315 4313 corruptum,
1337 4254 1415 4297 nec·

223 4343 315 4416 dum,
339 4351 375 4403 ut
400 4342 481 4403 mihi
506 4345 650 4419 videtur,
672 4367 788 4410 revera
807 4369 827 4410 a
847 4348 971 4409 criticis
991 4358 1191 4424 correctum,
1211 4353 1315 4415 credo
1336 4355 1416 4435 quia
