3292 5280
807 339 850 454 79

231 548 316 610 dum
340 555 409 610 est:
437 546 580 627 ,Laxati
604 548 740 611 ordines
763 548 1027 632 abrumpuntur;
1054 570 1115 612 nec
1137 551 1266 613 restitui
1288 552 1426 633 quivere

230 666 499 748 impedientibus
522 666 685 730 vehiculis
708 669 966 750 tormentisque.
991 669 1053 731 Per
1078 669 1220 733 limitem
1242 671 1316 733 viae
1336 691 1428 752 spar-

231 794 358 867 guntur
390 785 606 849 festinatione
638 788 856 850 consectandi
889 787 1067 850 victores‘'.
1099 788 1198 851 Nunc
1225 811 1332 873 agger
1355 792 1430 853 viae

232 903 271 968 fit
302 905 376 987 ipsa
408 906 472 980 via,
500 925 588 988 quae
613 906 799 969 rectissime
822 906 870 968 sic
894 907 1095 990 appellatur,
1119 909 1281 989 quoniam
1305 911 1370 984 via,
1395 910 1428 973 in

232 1023 376 1106 planitie
400 1033 582 1099 exstructa,
608 1045 725 1088 revera
747 1046 853 1108 agger
877 1034 938 1088 est.
964 1026 1010 1088 Et
1033 1026 1127 1089 limes
1149 1028 1224 1090 viae
1242 1027 1430 1091 adiacentis

231 1144 305 1225 agri
324 1163 442 1226 margo
460 1144 599 1226 quidam
618 1153 678 1219 est,
698 1165 808 1227 neque
827 1154 943 1208 tamen
962 1147 1062 1208 nimis
1079 1156 1250 1228 angustus,
1268 1149 1428 1229 quoniam

233 1283 296 1346 per
319 1283 398 1326 eum
420 1276 631 1348 sparguntur
656 1264 810 1328 Flaviani
834 1265 968 1329 milites.
994 1265 1039 1327 Et
1063 1267 1144 1348 quid
1170 1266 1297 1329 lactum
1318 1288 1429 1330 narra·

231 1381 310 1446 tur?
334 1384 412 1447 Non
436 1385 544 1448 solum
571 1385 744 1448 Vitelliani
765 1386 901 1449 ordines
920 1406 998 1449 suos
1020 1388 1195 1449 restituere
1214 1388 1429 1451 obstantibus

233 1504 399 1567 vehiculis
423 1506 669 1587 tormentisque
694 1525 761 1568 non
783 1514 934 1588 possunt,
956 1505 1015 1568 sed
1037 1505 1157 1568 eadem
1179 1506 1234 1569 illa
1254 1506 1429 1569 obstacula

232 1626 417 1707 quominus
447 1626 601 1689 Flaviani
631 1627 770 1709 propius
795 1627 962 1690 accedant
986 1636 1020 1690 et
1044 1647 1164 1690 manus
1187 1647 1263 1689 cum
1287 1628 1327 1690 iis
1351 1648 1430 1690 con·

231 1755 349 1809 serant
385 1745 593 1828 impediunt:
630 1745 665 1809 hi
696 1767 778 1828 ergo
810 1747 853 1809 de
885 1748 959 1810 viae
989 1766 1114 1829 aggere
1145 1747 1338 1823 decurrunt,
1371 1768 1431 1830 per

232 1865 449 1928 adiacentem
484 1885 642 1948 campum
679 1865 824 1928 volitant
855 1875 889 1929 et
921 1867 987 1929 alio
1018 1868 1094 1929 loco
1126 1867 1239 1930 denuo
1270 1888 1428 1950 aggerem

232 1985 310 2046 viae
342 1986 586 2060 conscendunt,
618 1985 689 2058 sed,
722 1993 758 2047 ut
790 1984 836 2061 fit,
870 1986 952 2048 dum
981 2005 1083 2049 nemo
1107 2006 1313 2068 quemquam
1339 2006 1430 2048 corn·

234 2103 426 2166 militonem
458 2113 537 2167 ante
567 2124 603 2167 se
635 2105 771 2187 patitur,
796 2125 863 2167 non
890 2105 983 2168 iuxta
1008 2105 1098 2168 viam
1122 2114 1259 2168 currunt
1284 2105 1344 2168 sed
1370 2126 1430 2187 per

231 2224 377 2287 limitem
401 2223 495 2287 illum
519 2233 732 2306 sparguntur.

279 2343 324 2406 Η.
350 2345 411 2419 ΙΙΙ,
437 2361 488 2426 29.
522 2344 592 2427 „lln
622 2343 790 2409 Cremona
815 2344 1057 2427 oppugnanda)
1083 2347 1283 2408 acerrimum
1307 2347 1429 2409 tertiae

232 2463 468 2546 septimaeque
500 2462 672 2546 legionum
704 2473 893 2540 certamem
919 2474 954 2528 et
979 2465 1050 2527 dux
1073 2465 1246 2529 Antonius
1270 2486 1346 2529 cum
1371 2468 1428 2529 de-

230 2582 330 2646 lectis
353 2583 570 2647 auxiliaribus
594 2585 717 2648 eodem
737 2584 947 2647 incubuerat.
968 2583 1168 2648 Obstinatos
1188 2586 1276 2648 inter
1295 2606 1331 2648 se
1352 2606 1429 2648 cum

230 2704 399 2766 sustinere
423 2703 598 2767 Vitelliani
624 2705 802 2786 nequirent
827 2724 855 2766 e.
881 2724 913 2785 q.
938 2702 997 2766 s.”.

277 2821 428 2905 Quaerat
450 2822 592 2886 sortasse
616 2824 783 2905 quispiam
808 2823 984 2887 obstinatos
1007 2825 1094 2887 inter
1118 2845 1152 2887 se
1171 2824 1253 2906 quid
1275 2826 1332 2901 sit;
1355 2825 1428 2907 ipsa

230 2945 381 3007 narratio
405 2952 561 3006 accurate
585 2942 673 3006 lecta
697 2942 778 3006 illud
804 2942 960 3006 docebit:
986 2945 1019 3006 in
1044 2945 1315 3007 conscendendis
1336 2965 1426 3007 moe-

231 3061 332 3124 nibus
363 3062 514 3144 legiones
544 3063 723 3125 certabant
753 3063 841 3124 inter
867 3082 912 3136 se,
938 3063 1066 3124 etenim
1090 3062 1263 3126 Antonius
1287 3065 1327 3142 (c.
1354 3066 1425 3147 27):

233 3182 381 3263 ‚vallum
400 3190 584 3264 portasque
602 3182 792 3264 legionibus
809 3181 973 3256 attribuit,
993 3191 1029 3244 ut
1041 3183 1204 3246 discretus
1215 3183 1310 3247 labor
1322 3184 1426 3247 sortes

229 3301 441 3384 ignavosque
464 3299 719 3383 distingueret”.
740 3301 823 3362 Erat
844 3320 925 3382 ergo
945 3301 1096 3362 omniurn
1117 3301 1204 3363 inter
1224 3322 1260 3364 se
1282 3303 1425 3365 militum

229 3429 415 3497 certamen,
446 3422 479 3483 in
508 3441 576 3503 quo
601 3439 701 3483 nemo
725 3419 883 3500 cuiquam
907 3418 1028 3480 cedere
1053 3418 1200 3481 volebat.
1226 3419 1275 3483 Cs.
1302 3422 1362 3497 IV,
1390 3439 1426 3502 3:

229 3541 445 3603 discordibus
484 3540 743 3622 municipiorum
779 3538 899 3601 animis
930 3539 1037 3620 magis
1068 3538 1154 3602 inter
1183 3551 1291 3614 semet,
1324 3559 1426 3620 quam

228 3662 446 3723 contumacia
469 3661 631 3724 adversus
654 3660 853 3741 principem.

275 3780 320 3843 H.
345 3780 389 3855 V,
415 3796 467 3861 25.
499 3781 571 3843 Iam
602 3780 751 3843 Batavos
782 3777 861 3840 belli
891 3776 1023 3852 taedet,
1054 3777 1121 3838 iam
1151 3777 1233 3840 nihil
1263 3779 1423 3841 diuturno

226 3898 420 3982 profectum
445 3899 536 3962 bello
559 3906 759 3980 queruntur3
784 3897 945 3979 quoniam
966 3897 1009 3959 ad
1030 3896 1210 3978 imperium
1231 3900 1423 3980 pervenerit

226 4017 471 4100 Vespasianus,
492 4018 608 4099 inepte
627 4016 775 4079 simulari
797 4035 857 4097 pro
879 4013 936 4076 illo
954 4013 1079 4077 bellum
1098 4035 1117 4076 a
1135 4035 1170 4076 se
1183 4016 1269 4097 geri;
1285 4017 1422 4079 minime

224 4157 302 4201 esse
320 4137 554 4200 Romanorum
572 4135 784 4199 intolerabile
803 4134 991 4216 imperium.
1011 4131 1206 4214 Sequuntur
1222 4136 1305 4198 haec
1319 4136 1422 4218 ipsius
1533 4170 1536 4174 -

224 4256 339 4319 Taciti
370 4254 491 4317 verba:
526 4255 730 4328 ,Honestius
760 4254 930 4336 principes
959 4252 1190 4316 Romanorum
1214 4275 1316 4337 quam
1341 4253 1422 4317 Ger-

224 4394 407 4440 manorum
438 4373 580 4437 feminas
604 4375 749 4438 tolerari.
776 4373 870 4436 Haec
895 4370 1030 4451 vulgum
1056 4393 1213 4454 proceres
1236 4376 1421 4437 atrociora:
