3210 5274
800 379 858 458 178

279 555 352 632 ,alii
377 555 510 629 liberos,
531 557 585 618 alii
606 558 766 639 coniuges
786 555 925 618 vocibus
945 552 1162 633 requirebant
1182 550 1325 611 vocibus
1346 567 1416 609 nos·

230 673 416 748 citabant,”
438 676 498 737 sed
523 676 569 737 ibi
593 677 804 757 requirebant
826 676 896 737 eius
920 672 1014 736 verbi
1039 670 1159 754 implet
1180 679 1305 752 partes,
1327 667 1413 749 quod

231 795 321 874 apud
347 795 503 857 Tacitum
525 805 575 857 est
596 797 828 878 reponendum
850 793 1044 875 (poscebant)
1065 800 1100 854 et
1115 790 1245 854 vocibus
1258 790 1416 851 noscitare

232 922 322 975 recte
352 913 484 987 dicitur,
509 922 543 976 at
567 916 746 979 ululatibus
768 928 799 978 et
815 915 941 996 gemitu
966 912 1135 974 noscebant
1158 910 1344 971 absurdum
1369 916 1416 968 est

231 1033 363 1113 eritque
394 1052 538 1114 semper.
580 1033 709 1115 Quodsi
742 1036 817 1115 quis
847 1053 888 1095 eo
919 1030 1090 1112 confugiat
1124 1039 1161 1091 ut
1193 1030 1287 1091 dicat
1318 1029 1416 1089 etiam

231 1171 358 1224 eorum,
384 1151 441 1233 qui
466 1153 538 1215 dira
558 1154 654 1215 clade
674 1155 789 1217 audita
808 1160 1034 1225 accurrerunt,
1056 1150 1202 1213 ululatus
1221 1158 1257 1210 et
1279 1148 1417 1229 gemitus

231 1270 411 1346 exstitisse,
441 1292 543 1352 quam
569 1272 689 1334 durum
714 1274 949 1354 ingratumque
974 1269 1055 1333 illud
1079 1269 1122 1331 sit
1145 1268 1307 1330 observet
1331 1266 1416 1348 quod

232 1390 264 1450 in
301 1391 470 1453 sententia
502 1392 549 1452 ita
579 1400 716 1465 structa,
748 1400 785 1455 ut
815 1390 898 1453 haec
930 1398 991 1464 est,
1023 1388 1088 1452 alia
1119 1396 1171 1450 est
1204 1387 1292 1448 ratio
1324 1385 1415 1466 primi

231 1506 371 1570 ablativi
394 1510 479 1583 visu,
504 1509 568 1571 alia
592 1510 840 1591 insequentium
865 1508 1044 1572 ululatibus
1066 1518 1097 1570 et
1116 1507 1256 1589 gemitu.

277 1747 321 1809 A.
348 1748 398 1809 lV
422 1767 451 1809 c.
476 1749 518 1829 67
542 1749 589 1810 sic
614 1748 750 1830 incipit:

279 1865 348 1946 ,At
376 1866 499 1930 Caesar
523 1868 688 1930 dedicatis
713 1888 773 1950 per
796 1867 1017 1949 Campaniam
1042 1863 1189 1946 templis
1214 1880 1413 1944 quamquam

231 1984 346 2046 edicto
379 1986 573 2060 monuisset,
607 2007 649 2048 ne
673 1988 748 2067 quis
772 1986 922 2068 quietem
947 1986 1018 2047 eius
1042 1984 1262 2065 inrumperet,
1287 2001 1416 2044 concur·

232 2124 354 2184 susque
378 2106 628 2186 oppidanorum
654 2106 819 2187 disposito
844 2106 949 2168 milite
973 2103 1235 2187 prohiberentur
1259 2123 1288 2164 e.
1302 2122 1334 2184 q.
1347 2100 1392 2162 s.''

277 2223 341 2285 Pro
360 2225 566 2308 inrumperet
586 2225 738 2287 Heraeus
758 2225 940 2305 legendum
960 2244 1033 2287 esse
1053 2223 1139 2285 vidit
1155 2224 1414 2303 interrumperet,

234 2344 524 2424 necessariamque
545 2364 620 2406 earn
641 2365 714 2407 esse
734 2345 1009 2407 emendationem
1030 2352 1136 2425 patet.
1162 2343 1254 2404 Nam
1274 2361 1360 2423 quae
1378 2339 1414 2401 ad

234 2461 405 2542 vulgatam
445 2463 627 2526 lectionem
664 2463 915 2526 defendendam
950 2462 1047 2526 affert
1083 2462 1268 2524 Furneaux
1303 2457 1413 2541 insigni

232 2582 468 2644 demonstrant
504 2584 663 2665 exemplo
698 2604 800 2664 quarn
835 2583 974 2645 ridicule
1009 2582 1130 2663 aliquis
1164 2582 1281 2663 specie
1312 2579 1413 2661 decipi

233 2701 349 2781 possit.
387 2700 472 2764 Sunt
496 2703 585 2764 enim
610 2702 711 2764 haec:

278 2820 321 2881 H.
355 2820 378 2892 I,
412 2822 453 2883 82
486 2822 541 2901 (de
574 2822 795 2903 praetorianis
827 2822 937 2903 agitur
968 2821 1067 2883 nimis
1099 2840 1160 2902 pro
1193 2819 1334 2883 Othone
1363 2836 1415 2880 suo

232 2937 413 3020 sollicitis):

279 3059 445 3137 ,Militum
467 3061 613 3142 impetus
634 3082 675 3123 ne
697 3061 823 3123 loribus
842 3061 980 3142 quidem
1002 3060 1120 3124 Palatii
1141 3061 1321 3134 coercitus,
1342 3077 1416 3140 quo·

231 3179 340 3240 minus
364 3181 557 3241 convivium
583 3179 822 3261 inrumperet.”

275 3297 327 3358 De
362 3298 524 3359 militibus
558 3299 828 3372 accurrentibus,
865 3299 1029 3380 impetum
1065 3298 1288 3374 facientibus,
1323 3318 1417 3382 aegre

228 3424 325 3477 extra
359 3417 477 3479 Palatii
515 3416 601 3479 fores
637 3418 792 3479 coercitis
823 3437 865 3480 ne
897 3418 1008 3499 potuit
1040 3419 1180 3499 quidem
1212 3418 1305 3482 aliud
1339 3421 1417 3502 poni

226 3534 368 3597 verbum
393 3555 494 3615 quarn
518 3537 729 3616 irrumpendi
751 3535 842 3598 illud.
868 3538 1004 3618 Ergone
1028 3538 1133 3600 etiam
1156 3541 1260 3603 etitem
1281 3541 1419 3604 alicuius

226 3662 318 3715 recte
342 3655 491 3738 irruitepi
513 3654 658 3718 dicitur?

271 3772 314 3833 H.
345 3773 405 3846 IV,
433 3788 483 3852 50.
510 3775 631 3837 Festus
655 3775 797 3856 legionis
821 3776 854 3837 in
880 3774 996 3838 Africa
1020 3777 1162 3859 legatuS,
1187 3780 1320 3844 dudum
1347 3801 1419 3864 per·

226 3892 347 3952 niciem
379 3891 491 3953 Pisoni
525 3893 670 3967 molitus,
696 3893 753 3955 ubi
777 3896 917 3956 tandem
942 3894 1138 3959 facultatem
1163 3897 1324 3962 facinoris
1350 3921 1421 3983 per·

226 4010 382 4089 petrandi
407 4020 525 4072 nactus
549 4021 615 4073 est:

273 4129 423 4210 ,equites
444 4130 475 4190 in
498 4150 616 4192 necem
638 4132 767 4193 Pisonis
789 4132 902 4193 mittit.
929 4132 980 4194 Illi
1001 4134 1126 4214 raptim
1148 4137 1249 4210 vecti,
1272 4139 1420 4201 obscuro

225 4246 335 4307 adhuc
361 4256 504 4328 coeptae
529 4248 611 4311 lucis
635 4251 775 4312 domum
801 4252 1011 4331 proconsulis
1034 4253 1267 4335 inrumpunt.”

272 4365 402 4425 Docere
444 4367 676 4430 huiuscemodi
718 4370 782 4431 loci
823 4371 990 4432 editorem
1033 4379 1194 4452 poterant
1232 4375 1292 4437 ubi
1328 4386 1421 4439 recte
