3292 5280
803 394 868 459 ²34

234 556 461 619 ablativorum
492 557 602 619 uariis
625 558 913 640 frustrationibus
936 566 970 620 et
992 558 1135 621 adversa
1152 560 1353 642 famatam
1378 559 1428 621 di-

233 696 331 738 versa
356 684 475 739 natura
499 685 560 739 est.

279 795 409 858 Verum
435 815 503 858 non
524 794 649 858 dubito
673 795 754 877 quin
778 795 828 858 bis
852 796 896 858 sit
919 796 1123 878 expellenda
1147 798 1173 861 Ι.
1198 799 1258 879 85:

278 913 420 997 (Sedato
445 914 591 977 tumultu
616 915 917 997 praetorianorum,
942 916 1000 998 qui
1024 917 1068 979 ad
1093 917 1314 980 trucidandos
1333 937 1429 980 sena·

231 1044 323 1098 tores
349 1037 383 1099 in
405 1034 570 1097 Palatium
591 1035 802 1117 irruperant),
826 1054 913 1114 „non
934 1044 1048 1098 tamen
1066 1037 1161 1119 quies
1175 1037 1249 1099 urbi
1262 1038 1428 1101 redierat:

230 1155 392 1236 strepitus
416 1155 561 1217 telorum
586 1163 621 1217 et
645 1154 747 1218 iacies
771 1154 861 1230 belli,
884 1166 917 1219 et
939 1155 1101 1219 militibus
1121 1165 1158 1219 ut
1178 1157 1260 1219 nihil
1282 1157 1317 1220 in
1337 1177 1428 1220 com·

232 1295 332 1338 mune
364 1275 590 1350 turbantibus,
622 1275 669 1338 ita
699 1276 823 1357 sparsis
855 1295 916 1357 per
946 1276 1068 1338 domos
1095 1276 1231 1339 occulto
1256 1277 1375 1341 habitu
1398 1289 1430 1341 et

232 1394 380 1476 maligna
411 1415 491 1457 cura
521 1395 554 1456 in
588 1414 717 1468 omnes,
746 1415 832 1475 quos
859 1394 1018 1459 nobilitas
1042 1405 1100 1459 aut
1123 1416 1206 1479 opes
1229 1406 1289 1460 aut
1313 1398 1427 1479 aliqua

232 1515 371 1596 insignis
396 1513 562 1577 claritudo
586 1514 776 1576 rumoribus
801 1514 1006 1578 obiecerat.”

277 1634 395 1716 Atque
432 1634 513 1696 illud
546 1634 684 1716 quidem
716 1645 756 1708 et,
789 1634 881 1715 quod
915 1642 993 1716 post
1024 1634 1138 1699 habitu
1169 1634 1262 1717 legit,
1295 1635 1428 1718 expulit

234 1754 423 1829 Classenus,
455 1754 547 1835 quod
580 1762 659 1835 post
687 1753 764 1817 belli
794 1753 1030 1829 Doederlinus,
1060 1756 1184 1817 re'ctius
1215 1775 1319 1838 quam
1344 1756 1428 1818 Mei·

231 1894 324 1936 serus
356 1874 431 1954 qui:
468 1873 589 1936 “facies
621 1872 699 1935 belli
732 1881 766 1935 et
792 1882 911 1948 metus,
937 1873 1099 1936 militibus
1122 1895 1151 1937 e.
1176 1895 1210 1956 q.
1230 1873 1279 1937 s.’'
1305 1895 1429 1958 propo·

230 1996 305 2070 suit,
331 2013 418 2075 quae
444 1994 547 2055 nimia
572 2002 623 2055 est
647 1994 846 2057 verbositas.

275 2112 455 2176 Ambabus
476 2133 556 2175 vero
574 2113 729 2175 manibus
742 2114 866 2196 arripio
881 2113 1060 2196 Leopoldii
1074 2115 1140 2177 mei
1153 2116 1425 2180 venustissimam

231 2234 508 2296 emendationem
533 2233 577 2307 11,
600 2233 645 2311 46
670 2233 918 2313 (describuntur
941 2234 1085 2297 militum
1105 2236 1228 2310 studia,
1249 2233 1424 2301 Othonem

231 2362 309 2435 post
333 2353 556 2416 Bedriacense
581 2353 746 2434 proelium
772 2374 814 2416 ne
838 2356 996 2437 desperet
1020 2355 1259 2438 hortantium);

279 2473 355 2554 „qui
380 2472 497 2555 procul
522 2472 711 2547 astiterant,
737 2473 878 2536 tendere
899 2494 1027 2550 manuS,
1046 2484 1081 2538 et
1098 2476 1244 2556 proximi
1265 2496 1426 2558 prensare

231 2592 364 2675 genua’'

231 2734 307 2776 eum
332 2733 456 2794 magno
480 2712 640 2774 Taciteae
666 2712 829 2774 orationis
852 2711 1084 2776 emolumento
1106 2725 1139 2776 et
1160 2712 1307 2776 delentis
1322 2710 1355 2796 ¹).

275 2833 319 2894 H.
353 2833 394 2907 Il,
425 2834 468 2911 48
502 2831 569 2914 (Ex
600 2831 810 2914 pulcherimo
839 2831 896 2894 illo
920 2830 1007 2908 loco,
1033 2832 1090 2895 ubi
1114 2833 1290 2914 quomodo
1315 2832 1427 2896 fratris

229 2953 334 3016 filium
359 2951 650 3014 adolescentulum
674 2951 846 3032 trepidum
870 2959 973 3032 atque
998 2960 1205 3014 maerentem
1230 2951 1361 3015 solatus
1383 2946 1427 3015 sit

233 3070 327 3135 Otho
352 3071 533 3152 narratur):

277 3191 420 3271 „Meteri
453 3210 488 3252 se
517 3189 676 3252 festinato
701 3189 793 3251 exitu
819 3189 1035 3253 clementiam
1060 3191 1214 3253 victoris:
1239 3210 1309 3253 non
1333 3193 1426 3255 enirn

228 3310 348 3373 ultima
368 3310 617 3392 desperatione,
638 3308 697 3371 sed
719 3316 882 3390 poscente
902 3308 1067 3391 proelium
1081 3310 1242 3385 exercitu,
1256 3312 1426 3376 remisisse

229 3431 275 3492 rei
293 3429 449 3511 publicae
462 3429 682 3491 novissimum
696 3447 821 3490 casum.
835 3427 925 3492 Satis
937 3428 1001 3490 sibi
1015 3429 1170 3505 nominis,
1184 3430 1265 3492 satis
1279 3433 1427 3512 posteris

227 3550 295 3611 suis
328 3549 515 3611 nobilitatis
546 3548 748 3629 quaesitum.
781 3548 926 3610 Proinde
954 3556 1069 3610 erecto
1092 3547 1206 3611 animo
1229 3559 1426 3632 capesseret

229 3746 423 3755 ——-—.

266 3871 291 3936 ι)
312 3873 376 3920 ltem
401 3869 542 3919 delendum
561 3878 586 3918 et
604 3885 698 3919 censeo
717 3870 744 3918 in
763 3869 851 3919 hisce:

264 3958 298 4005 H.
325 3958 374 4021 111,
399 3971 447 4018 44:
473 3955 693 4023 „(Vespasianus)
708 3955 763 4004 illic
783 3955 911 4004 secundae
931 3952 1030 4020 legioni
1049 3971 1065 4004 a
1084 3955 1195 4005 Claudio
1214 3957 1383 4020 praepositus
1401 3966 1429 4006 et

227 4043 298 4092 bello
318 4043 402 4092 clarus
422 4040 535 4105 egerat.’‘

263 4130 298 4178 H.
323 4130 373 4194 111,
399 4140 445 4190 74:
475 4129 603 4192 „Sabinus
629 4135 654 4178 et
674 4129 777 4178 Atticus
796 4128 897 4177 onerati
917 4129 1016 4177 cetenis
1035 4136 1060 4178 ct
1077 4128 1111 4178 ad
1130 4127 1268 4178 Vitellium
1288 4129 1361 4179 ducti
1380 4145 1427 4180 ne·

227 4233 358 4282 quaquam
379 4217 474 4265 infesto
494 4232 612 4266 sermone
631 4216 758 4280 vultuque
778 4214 970 4280 excipiuntur.”

264 4307 296 4353 A.
321 4306 343 4369 1,
368 4318 398 4365 4:
426 4305 520 4367 „Hunc
540 4302 698 4370 (Tiberium)
717 4311 742 4352 et
761 4303 846 4368 primu
864 4304 897 4352 ab
917 4302 1028 4352 tutantia
1046 4303 1168 4353 eductum
1187 4302 1215 4352 in
1234 4301 1313 4351 domo
1333 4319 1427 4370 regna-

228 4392 300 4456 trice,
319 4398 458 4456 congestos
478 4391 567 4440 iuveni
586 4387 762 4441 consulatus.''
