3210 5274
769 350 831 418 154

247 533 308 592 „ne
333 513 437 576 verba
461 534 565 596 prave
590 515 736 591 detorta,
763 537 827 581 neu
852 515 1080 580 convivalium
1105 515 1298 580 fabularum
1322 517 1390 578 sirn-

200 633 333 716 plicitas
357 633 390 695 in
415 634 543 697 crimen
568 636 759 711 duceretur,
785 635 1003 719 postulavit”

200 752 317 833 Atque
350 753 524 834 praemisit
548 753 625 816 huic
649 754 815 836 epistolae
839 756 1028 831 exordium,
1053 758 1158 838 quod,
1184 777 1240 819 me
1264 758 1395 839 quidem

200 874 323 949 iudice,
355 874 522 956 insignem
550 875 584 936 in
609 875 704 937 omni
727 875 901 939 literarum
927 876 1127 939 Latinarum
1150 877 1295 939 historia
1319 877 1398 939 obti-

202 1013 282 1056 nere
306 992 417 1056 locum
443 1002 609 1057 meretur:

249 1113 359 1196 „Quid
372 1115 518 1177 scribam
533 1115 641 1191 vobis,
656 1123 770 1198 patres
783 1116 978 1199 conscripti,
991 1124 1049 1179 aut
1059 1118 1239 1198 quomodo
1248 1118 1398 1193 scribam,

201 1244 259 1297 aut
290 1234 372 1316 quid
396 1235 537 1298 omnino
562 1255 630 1297 non
655 1236 801 1298 scribam
827 1235 891 1299 hoc
916 1244 1081 1318 tempore,
1106 1236 1142 1298 di
1167 1256 1225 1300 me
1250 1238 1398 1319 deaeque

202 1355 298 1435 peius
322 1355 478 1438 perdant,
504 1375 606 1437 quam
631 1356 741 1439 perire
767 1375 821 1419 me
845 1356 972 1420 cotidie
995 1356 1117 1430 sentio,
1143 1356 1171 1418 si
1196 1356 1304 1419 scio.'’

249 1474 418 1555 Equidem
433 1475 514 1537 mihi
527 1475 581 1537 hic
594 1475 711 1538 audire
724 1475 843 1538 videor
855 1496 983 1551 senem,
996 1496 1099 1558 quem
1112 1476 1181 1539 iam
1192 1498 1263 1540 non
1273 1478 1398 1560 imperii

203 1599 337 1654 tantum
357 1593 416 1655 sed
435 1601 470 1655 et
483 1593 587 1675 ipsius
600 1594 690 1656 vitae
703 1594 818 1677 pigeat
831 1595 1037 1676 taedeatque
1045 1621 1053 1670 ;
1067 1595 1125 1677 qui
1139 1595 1325 1678 imperium
1339 1616 1399 1659 non

205 1713 420 1794 appetiverit,
441 1713 501 1776 sed
522 1733 599 1776 cum
620 1714 745 1776 invitus
765 1713 847 1777 illud
864 1715 1073 1797 sumpsisset,
1087 1723 1244 1796 utquam
1258 1717 1400 1798 optimus

204 1840 293 1895 esset
313 1832 498 1914 imperator
518 1833 560 1895 sit
581 1841 741 1909 conatus;
761 1834 819 1915 qui
840 1841 914 1896 tota
933 1833 1072 1915 quidem
1093 1833 1165 1896 vita
1180 1854 1262 1897 cum
1276 1854 1400 1897 summo

204 1952 321 2015 dolore
346 1961 506 2035 expertus
529 1953 573 2016 sit
597 1953 767 2036 ingratum
790 1975 826 2017 se
851 1975 924 2017 esse
948 1954 1143 2017 hominibus
1167 1963 1204 2017 et
1226 1956 1341 2018 timori
1360 1957 1401 2017 in·

203 2073 364 2136 cutiendo
385 2075 552 2157 aptiorem
573 2095 676 2155 quam
696 2074 840 2149 fiduciae
861 2075 1004 2149 dandae,
1027 2075 1188 2138 extremis
1211 2094 1295 2137 vero
1313 2075 1401 2139 annis

203 2213 278 2255 sero
298 2194 498 2276 cognoverit
519 2193 627 2275 qualis
647 2193 703 2257 ille
724 2191 867 2257 Seianus
887 2193 996 2268 fuerit,
1018 2195 1071 2256 cui
1090 2213 1128 2257 se
1147 2213 1281 2276 suaque
1294 2195 1401 2258 omnia

203 2314 421 2388 commiserit,
442 2334 553 2396 neque
574 2334 728 2378 recusare
748 2335 784 2377 se
804 2334 905 2397 posse
921 2313 1045 2376 sentiat
1058 2315 1139 2395 quin
1153 2313 1245 2377 illius
1257 2314 1400 2378 facinora

203 2431 266 2493 sibi
281 2432 364 2494 vitio
377 2433 500 2495 dentur
514 2433 578 2516 (De
591 2433 730 2497 Tiberio
740 2433 853 2499 Seiani
863 2434 992 2497 artibus
1000 2433 1152 2497 obnoxio
1162 2432 1205 2496 cf.
1217 2434 1400 2497 Karstenus

206 2552 352 2634 passim).
386 2553 525 2615 Miseret
557 2553 712 2635 profecto
744 2553 906 2635 principis
937 2552 1073 2634 decepti
1106 2561 1141 2615 et
1173 2553 1234 2615 vix
1265 2553 1399 2616 tandem

205 2674 344 2737 meliora
372 2675 497 2748 edocti,
522 2673 698 2756 probeque
722 2671 942 2755 intelligimus
965 2692 1043 2735 eum
1066 2673 1134 2735 iam
1159 2673 1243 2754 quid
1268 2673 1399 2745 scribat,

204 2794 379 2875 quomodo
404 2793 542 2869 scribat,
568 2793 650 2875 quid
675 2793 815 2855 omnino
840 2813 908 2855 non
931 2792 1058 2855 scribat
1081 2791 1205 2854 sru'stra
1230 2812 1400 2875 quaerere.

249 2913 322 2976 Aut
346 2913 373 2974 si
398 2933 453 2975 me
477 2911 561 2976 latet
586 2933 665 2976 vera
685 2912 816 2975 exordii
836 2911 1017 2987 sententia,
1036 2910 1206 2992 singulare
1229 2911 1401 2993 quoddam

205 3043 239 3096 et
270 3033 438 3115 peculiare
471 3032 542 3095 eius
574 3031 675 3095 fuisse
706 3030 883 3095 consilium
912 3051 1013 3095 nemo
1038 3050 1106 3092 non
1130 3032 1313 3093 concedet.
1338 3029 1401 3094 Sed

204 3153 303 3216 simul
333 3154 524 3216 concedant
552 3172 671 3215 omnes
694 3159 833 3233 oportet
856 3150 1013 3213 Tacitum
1037 3157 1131 3212 certe
1156 3148 1257 3230 plane
1281 3148 1402 3231 fugisse

206 3273 299 3336 illud.
324 3272 420 3354 Quae
444 3273 534 3335 enim
559 3272 710 3336 subiicit:

254 3392 375 3473 „Adeo
396 3391 545 3455 facinora
564 3401 667 3474 atque
689 3390 816 3472 flagitia
835 3409 896 3451 sua
915 3388 979 3470 ipsi
1000 3407 1137 3483 quoque
1153 3385 1187 3448 in
1200 3386 1403 3468 supplicium

207 3524 388 3577 verterant.
422 3514 542 3594 Neque
574 3511 696 3575 frustra
725 3508 1033 3592 praestantissimus
1056 3505 1245 3589 sapientiae
1271 3505 1404 3568 firmare

207 3635 326 3698 solitus
357 3644 417 3709 est,
450 3635 477 3695 si
509 3632 724 3695 recludantur
755 3639 980 3711 tyrannorum
1006 3633 1150 3701 menteS,
1175 3644 1275 3707 posse
1300 3623 1406 3706 aspici

207 3756 351 3818 laniatus
374 3762 410 3816 et
433 3755 528 3828 ictus,
553 3750 702 3833 quando,
727 3757 764 3811 ut
788 3766 932 3829 corpora
957 3744 1164 3818 verberibus,
1190 3743 1238 3805 ita
1261 3743 1406 3806 saevitia

206 3874 358 3947 libidine,
384 3872 478 3935 malis
502 3870 664 3933 consultis
683 3868 815 3931 animus
836 3865 1048 3929 dilaceretur.
1071 3861 1208 3945 Quippe
1227 3860 1405 3924 Tiberium

206 4015 274 4057 non
299 3992 443 4065 fortuna,
465 4011 532 4053 non
553 3989 752 4053 solitudines
773 3984 1011 4069 protegebant,
1031 3982 1113 4065 quin
1134 3988 1308 4045 tormenta
1328 4000 1406 4063 pec·

206 4113 289 4175 toris
313 4130 457 4191 suasque
482 4110 553 4191 ipse
579 4128 707 4191 poenas
731 4104 915 4169 fateretur”

206 4232 308 4295 anilia
327 4239 406 4293 sunt
427 4237 462 4291 et
481 4226 748 4290 circumforaneo
768 4233 902 4287 oratore
923 4223 1026 4304 digna
1046 4221 1154 4304 magis
1169 4240 1274 4303 quam
1293 4220 1405 4283 veraci

209 4351 381 4414 historico.
