3210 5274
781 408 842 477 Ι59

201 590 268 654 que
292 573 407 654 quoad
432 571 584 655 privatus
608 571 663 635 vel
686 571 720 634 in
745 572 895 656 imperiis
917 572 980 636 sub
1005 572 1163 657 Augusto
1188 573 1265 650 luit}
1289 575 1399 638 occul·

201 699 274 754 tum
303 711 343 754 ac
366 691 548 755 subdolum
573 689 741 774 fingendis
765 691 956 768 virtutibus,
982 692 1091 755 donec
1116 692 1337 757 Germanicus
1360 714 1400 757 ac

202 810 332 874 Drusus
351 809 564 893 superfuere:
585 811 676 874 idem
698 812 786 874 inter
805 811 896 874 bona
916 811 1071 894 malaque
1092 813 1218 876 mixtus
1238 813 1399 877 incolumi

203 1049 364 1114 Seianum
396 1050 516 1114 dilexit
546 1051 714 1126 timuitve‚
747 1060 920 1134 postremo
948 1051 981 1113 in
1005 1052 1132 1115 scelera
1155 1052 1253 1115 simul
1277 1073 1318 1116 ac
1341 1055 1399 1117 de·

203 1169 327 1233 decora
348 1171 513 1254 prorupit,
535 1179 716 1253 postquam
738 1179 870 1234 remoto
891 1172 1021 1254 pudore
1037 1179 1072 1233 et
1086 1182 1178 1235 metu
1190 1193 1251 1235 suo
1265 1181 1398 1236 tantum

202 1288 341 1372 ingenio
366 1289 558 1354 utebatur.’'

247 1409 421 1492 Tempora
441 1410 496 1473 hic
515 1411 778 1492 distinguuntur,
798 1412 858 1473 sed
879 1431 1008 1474 merum
1021 1411 1200 1474 artificium
1213 1413 1397 1475 oratorium

204 1529 284 1592 illud
317 1539 386 1593 est:
419 1531 501 1612 quid
533 1533 634 1594 variis
658 1532 722 1594 illis
746 1531 958 1615 temporibus
982 1532 1015 1595 in
1036 1532 1164 1595 Tiberii
1185 1541 1299 1596 mente
1321 1554 1400 1596 eve·

205 1652 292 1714 nerit
324 1651 446 1714 frustra
470 1652 680 1734 quaerimus:
710 1651 908 1732 „simulavit
934 1653 1055 1715 iterum
1079 1653 1260 1728 simulavit,
1286 1654 1399 1718 denuo

203 1769 386 1846 simulavit,
416 1791 529 1834 rursus
558 1770 739 1848 simulavit,
772 1781 945 1854 postremo
978 1792 1020 1835 ne
1044 1773 1215 1837 simulavit
1239 1772 1399 1856 quidem’'

205 1890 269 1952 huc
291 1889 431 1973 pulchre
451 1891 606 1973 dispositi
627 1891 691 1955 loci
713 1901 825 1955 totum
846 1893 933 1956 redit
952 1902 1201 1974 argumentum.
1223 1893 1295 1956 Nisi
1313 1892 1400 1956 sorte

204 2009 374 2072 credimus
406 2029 483 2072 eum
515 2011 572 2092 qui
608 2020 809 2094 „postquam
841 2021 974 2075 remoto
1005 2013 1135 2094 pudore
1168 2021 1202 2075 et
1227 2021 1319 2090 metu
1342 2034 1400 2077 suo

205 2141 333 2193 tantum
357 2130 486 2213 ingenio
510 2129 691 2193 utebatur”
712 2131 763 2194 nil
779 2132 844 2194 nisi
861 2131 984 2195 scelera
1003 2143 1035 2195 et
1052 2132 1210 2195 dedecora
1230 2132 1263 2194 in
1285 2132 1400 2195 animo

205 2249 365 2324 habebat,
405 2249 658 2314 adolescentem
691 2252 916 2334 iuvenemque
948 2272 1066 2314 revera
1097 2251 1198 2314 fuisse
1228 2251 1398 2335 egregium

204 2370 274 2435 vita
290 2372 468 2452 famaque.

249 2744 318 2810 Sed
340 2746 422 2827 quid
441 2746 532 2829 apud
546 2745 704 2809 Tacitum
717 2745 760 2808 de
772 2744 912 2809 Tiberio
924 2704 1084 2828 agentem
1100 2745 1399 2830 „psychologiam”

204 2863 419 2948 quaerimus?
443 2865 641 2928 Dummodo
666 2874 828 2927 terrorem
853 2864 1096 2946 horroremque
1121 2865 1263 2928 incutiat
1287 2865 1401 2947 legen-

204 2986 295 3049 tibus
326 2986 408 3048 satis
439 2985 470 3048 ei
501 2993 563 3048 est.
589 2985 642 3048 De
666 2984 872 3048 facinoribus
895 2984 967 3046 eius
991 2984 1170 3058 declamat,
1194 2994 1299 3066 atque
1324 2985 1401 3048 huic

204 3106 262 3167 uni
298 3105 345 3167 rei
381 3105 441 3167 dat
475 3124 615 3186 operam
652 3113 688 3167 ut
723 3125 791 3186 quo
826 3104 933 3184 magis
968 3104 1011 3166 ad
1047 3102 1149 3166 finem
1185 3104 1328 3167 accedat
1359 3125 1400 3168 eo

203 3226 320 3288 omnia
351 3224 434 3288 fiant
465 3225 635 3288 horrenda
666 3225 782 3307 magis
815 3224 982 3305 Denique,
1015 3243 1091 3286 curn
1124 3244 1165 3286 eo
1197 3233 1401 3306 perventum

203 3354 256 3409 est
289 3355 325 3409 ut
357 3347 400 3408 de
432 3345 560 3408 Tiberii
593 3345 636 3407 sit
668 3344 873 3407 narrandum
906 3352 1025 3418 morte,
1058 3343 1191 3407 intonat
1223 3364 1281 3406 ore
1305 3345 1400 3426 gravi

203 3464 245 3547 (c.
273 3478 316 3546 50
343 3465 419 3547 ln.):
1202 3552 1210 3560 .

252 3585 345 3666 „lam
378 3584 552 3648 Tiberium
584 3604 716 3667 corpuS,
748 3583 815 3645 iam
839 3582 927 3645 vires
943 3579 975 3664 ¹),
1000 3583 1151 3646 nondum
1176 3581 1399 3645 dissimulatio

204 3704 420 3768 deserebat.”

250 3825 485 3901 Praecessisse,
517 3824 569 3887 his
600 3823 734 3899 auditis,
759 3822 869 3904 quivis
892 3821 1081 3904 suspicetur
1105 3822 1235 3905 insigne
1259 3821 1398 3905 aliquod

203 3944 482 4008 dissimulationis
511 3944 714 4007 Tiberianae
743 3941 949 4024 exemplum.
973 3940 1022 4003 At
1046 3942 1080 4004 in
1105 3944 1262 4024 proximo
1287 3945 1398 4027 capite

242 4257 268 4323 ι)
286 4257 416 4322 Lepidam
441 4253 625 4304 vocabulorum
651 4259 745 4318 corpur
769 4251 821 4300 iam
845 4252 915 4301 vires
940 4251 1147 4302 emendationem
1172 4253 1252 4317 vires,
1270 4252 1321 4300 iam
1340 4251 1397 4300 vito

207 4345 341 4409 proposuit
367 4359 391 4392 v.
416 4342 443 4391 d.
469 4342 502 4390 K.
528 4342 563 4390 Η.
587 4341 618 4391 Ε.
642 4340 674 4390 de
696 4340 767 4403 Jong
791 4339 818 4387 in
844 4338 960 4387 thesibus
985 4338 1115 4388 adiunctis
1137 4339 1328 4401 dissertationi3
1349 4339 1398 4402 „de

209 4430 319 4495 Apuleio
338 4430 480 4479 Isiacorum
498 4428 679 4493 mysteriorum
698 4426 790 4476 teste.'‘
811 4427 840 4474 L.
860 4427 889 4475 B.
908 4437 1023 4474 arbesec,
