3210 5274
772 450 832 517 ¹79

201 614 415 697 irrumpendi
450 613 591 676 verbum
624 622 786 695 ponatur,
819 613 876 675 ubi
910 611 1001 675 nullo
1034 613 1136 675 modo
1168 611 1244 674 ferri
1278 612 1394 694 possit.

248 854 293 916 A.
327 853 371 927 V,
404 853 435 916 6.
462 852 621 915 Refertur
644 853 753 915 oratio
778 853 956 933 quaedam,
982 871 1084 932 quam
1110 860 1187 932 post
1211 849 1323 914 Seiani
1349 851 1396 913 in·

203 974 342 1036 teritum
378 972 499 1052 aliquis
534 992 577 1034 ex
614 973 685 1033 eius
716 971 843 1045 amicis,
875 971 1000 1033 iamet
1031 971 1103 1052 ipse
1135 971 1168 1032 in
1200 990 1394 1051 supremum

202 1094 372 1156 adductus
403 1092 596 1165 discrimen,
629 1091 721 1153 domi
744 1091 787 1152 ad
812 1090 941 1152 amicos
965 1089 1093 1152 habuit.
1130 1089 1212 1151 Eius
1236 1088 1397 1152 orationis

202 1211 445 1275 tantummodo
476 1210 596 1272 ultima
627 1230 704 1292 pars
735 1217 898 1291 superest,
930 1209 963 1271 in
995 1229 1062 1290 qua
1093 1217 1128 1271 et
1159 1207 1224 1271 alia
1255 1209 1397 1272 ethaeo

203 1329 379 1413 leguntur:

253 1449 382 1530 „Versa
414 1457 465 1511 est
497 1448 632 1511 fortuna
657 1457 691 1511 et
714 1447 769 1510 ille
794 1448 943 1529 quidem,
968 1449 1025 1529 qui
1050 1447 1216 1531 collegam
1240 1456 1275 1510 et
1297 1468 1399 1531 gene·

206 1589 280 1631 rum
304 1569 496 1630 adsciverat
521 1567 579 1648 (sc.
604 1564 788 1648 Seianum),
812 1567 875 1629 sibi
898 1568 1060 1649 ignoscit;
1080 1569 1194 1642 ceteri,
1215 1588 1317 1649 quem
1340 1589 1399 1651 per

205 1687 377 1749 dedecora
401 1685 526 1759 lovere,
552 1706 629 1747 cum
654 1685 779 1748 scelere
804 1686 1045 1750 insectantur.”

252 1806 329 1887 Quo
363 1807 433 1867 iure
457 1814 492 1867 et
516 1826 585 1887 quo
608 1826 708 1867 sensu
734 1805 891 1867 Tiberius
914 1805 969 1868 hic
992 1805 1058 1868 sibi
1078 1806 1245 1889 ignoscere
1268 1806 1400 1870 dicatur

207 1926 330 1989 frustra
360 1945 498 2007 quaer0,
531 1945 642 2006 neque
674 1923 827 2006 intelligo
851 1944 919 2006 quo
944 1925 1048 1986 modo
1074 1945 1162 1987 nunc
1186 1924 1343 1988 Tiberius
1366 1935 1401 1988 et

206 2044 310 2107 ceteri
333 2045 421 2106 inter
440 2064 476 2106 se
496 2051 725 2126 opponantur.
748 2044 799 2106 De
821 2045 942 2106 ceteris
958 2052 1071 2106 autem
1085 2043 1149 2106 illis
1162 2045 1244 2125 quid
1258 2042 1401 2107 dicitur?

208 2164 367 2228 Graviter
391 2165 587 2226 incusantur
610 2163 702 2245 quod
728 2171 862 2225 mortuo
887 2162 1011 2227 Seiano
1036 2163 1197 2228 insultent
1222 2164 1255 2227 in
1280 2165 1403 2226 iudicia

209 2284 422 2347 adducentes
458 2281 638 2345 familiares
674 2283 745 2344 eius
780 2288 1022 2364 cognatosque,
1059 2303 1136 2345 cum
1171 2283 1233 2365 ipsi
1267 2303 1403 2364 quoque

209 2402 394 2483 aliquando
428 2401 542 2466 Seiani
572 2402 680 2483 gratia
713 2400 897 2463 floruerint.
934 2402 986 2464 De
1019 2401 1070 2463 his
1094 2421 1174 2484 ergo
1198 2402 1242 2464 ab
1267 2402 1405 2465 homine

210 2522 348 2584 iamiam
381 2523 544 2584 morituro
576 2522 687 2603 gravis
713 2521 950 2602 pronuntiatur
974 2522 1153 2584 sententia.
1190 2522 1242 2583 De
1266 2521 1405 2585 Tiberio

211 2660 304 2714 ver0,
338 2640 448 2702 omnis
478 2639 566 2703 illius
598 2638 760 2721 perfidiae
792 2647 939 2712 auctore,
972 2638 1053 2719 quid
1086 2638 1217 2713 dicitur,
1245 2639 1298 2701 vel
1322 2640 1403 2721 quid

211 2768 305 2822 recte
329 2758 362 2820 in
387 2758 446 2821 tali
471 2766 635 2821 contextu
660 2758 726 2819 dici
747 2755 882 2839 potest?
903 2757 1006 2831 Nihil,
1027 2766 1064 2820 ut
1084 2759 1217 2839 opinor,
1239 2759 1300 2821 nisi
1322 2758 1404 2821 hoc:

261 2878 416 2959 „gravius
439 2897 512 2940 esse
536 2879 607 2940 eius
630 2876 739 2939 scelus
763 2897 865 2958 quam
890 2876 982 2958 quo'd
1003 2877 1116 2940 verbis
1136 2878 1245 2941 notari
1266 2878 1406 2961 possit.”

259 2997 312 3059 De
344 2996 483 3059 Tiberio
510 3016 591 3078 ergo
614 2995 700 3070 silet,
726 3016 794 3057 non
819 2996 912 3076 quod
937 2996 1056 3058 timeat
1080 3016 1168 3070 eum,
1192 2997 1235 3059 ad
1261 3007 1406 3060 mortem

214 3116 305 3178 enim
330 3124 383 3178 est
407 3124 554 3198 paratus
579 3115 639 3177 sed
665 3115 744 3196 quia
768 3114 925 3195 intelligit
949 3114 1003 3177 hic
1023 3115 1115 3177 omni
1137 3117 1290 3179 oratione
1310 3117 1409 3179 silen-

215 3235 301 3298 tium
333 3235 489 3298 disertius
522 3255 604 3297 esse.
641 3236 694 3296 De
726 3234 847 3296 ceteris
880 3233 1006 3296 iudicat
1034 3234 1115 3316 ipse,
1141 3234 1316 3299 Tiberium
1341 3238 1410 3299 suis

216 3355 327 3436 ipsum
352 3353 617 3436 cogitationibus
640 3373 788 3434 suaeque
809 3353 1038 3415 conscientiae
1058 3353 1290 3417 damnandum
1312 3355 1409 3417 relin·
1435 3426 1438 3433 ,

215 3476 301 3556 quit.
338 3474 414 3537 Hoc
450 3473 662 3547 habebimus,
698 3474 724 3535 si
761 3493 822 3554 pro
857 3474 996 3555 ignoscit
1030 3473 1211 3555 legerimus
1245 3476 1409 3558 ignoscat:

266 3594 442 3674 „Tiberius
462 3594 505 3656 de
525 3613 561 3655 se
583 3594 655 3675 ipse
678 3592 810 3666 viderit,
824 3591 951 3654 sactum
965 3612 1062 3655 suum
1075 3594 1269 3657 consideret
1282 3602 1316 3656 et
1328 3614 1412 3675 quo-

218 3715 324 3777 modo
345 3713 482 3776 defendi
504 3711 584 3774 illud
605 3712 826 3793 excusarique
848 3713 955 3793 possit
975 3723 1133 3794 quaerat:
1148 3734 1215 3776 non
1229 3715 1413 3777 inveniet.”

265 3950 309 4012 A.
335 3950 396 4025 Vl,
421 3969 453 4031 9.
480 3949 635 4013 Vistilius
660 3950 848 4031 praetorius
871 3949 981 4012 levem
1006 3959 1041 4012 et
1065 3950 1206 4015 sortasse
1230 3952 1344 4016 fictam
1369 3956 1414 4017 ob

217 4089 368 4133 causam.

270 4190 458 4271 „Convictu
490 4189 653 4272 principis
685 4188 884 4270 prohibitus,
918 4210 994 4252 cum
1027 4190 1123 4253 senili
1157 4212 1258 4255 manu
1291 4192 1414 4269 serrum

218 4311 471 4394 temptavisset,
504 4308 634 4391 obligat
667 4329 770 4371 venas
779 4335 786 4383 ;
813 4318 1037 4390 precatusque
1062 4330 1122 4391 per
1146 4311 1330 4387 codicillos,
1355 4315 1416 4375 im·

221 4432 298 4494 miti
322 4431 498 4512 rescripto,
523 4446 629 4490 venas
653 4425 823 4489 resolvit.”
