3292 5280
788 411 853 478 209

222 581 480 655 temperassent.
501 572 569 638 Sed
588 574 645 636 ubi
661 572 807 638 Caecina
820 583 998 657 praetexta
1010 573 1252 655 lictoribusque
1265 576 1413 657 insignis,

224 694 355 756 dimota
379 694 489 769 turba,
514 695 660 769 incessit,
686 714 842 757 exarsere
866 694 1045 757 victores.”

269 814 405 877 Putavit
424 813 547 876 sciolus
567 814 650 876 haec
670 813 853 896 aliquando
873 814 999 877 lectum
1020 814 1058 876 iri
1078 813 1123 876 ab
1135 813 1329 877 hominibus
1343 814 1415 877 bar·

225 934 323 1008 baris,
348 935 406 1016 qui
429 954 489 997 sua
512 942 635 1016 sponte
660 955 678 996 e
699 934 811 997 verbis
825 946 1005 1017 praetexta
1024 933 1255 1015 lictoribusque
1274 935 1416 1017 insignis

224 1073 327 1135 quem
359 1053 525 1116 honorem
557 1073 634 1115 cum
666 1054 813 1116 maxime
841 1054 999 1137 gessisset
1023 1053 1168 1115 Caecina
1191 1053 1323 1116 efficere
1348 1073 1416 1116 uon

225 1182 375 1255 possent.
407 1172 600 1235 Annotavit
620 1193 718 1254 ergo:
739 1172 859 1248 consul,
880 1173 972 1255 quod
994 1173 1208 1248 vocabulum,
1229 1174 1262 1236 in
1283 1181 1416 1236 textum

226 1301 412 1375 receptum,
445 1313 533 1355 nunc
566 1294 638 1375 ipsa
668 1293 761 1365 sede,
792 1312 894 1375 quam
927 1293 1118 1375 occupavit,
1151 1291 1223 1355 salsi
1248 1293 1415 1374 arguitur:

226 1423 304 1495 post
327 1412 427 1476 turba
452 1413 543 1476 enim
566 1412 698 1495 legitur.

272 1532 315 1595 H.
349 1533 410 1607 111,
441 1534 496 1612 48.
521 1533 559 1595 In
585 1532 750 1615 Aegypto
775 1552 851 1595 cum
876 1541 965 1596 esset
990 1514 1093 1596 etiam
1119 1533 1349 1615 Vespasianus
1374 1534 1417 1596 de

228 1652 346 1734 proelii
370 1652 608 1716 Cremonensis
632 1654 725 1715 exitu
750 1652 788 1714 fit
812 1653 952 1715 certior:

276 1773 347 1853 ,Eo
381 1773 617 1855 properantius
649 1772 893 1835 Alexandriam
927 1773 1047 1854 pergit,
1080 1780 1116 1834 ut
1148 1771 1256 1835 fracto
1288 1772 1418 1835 Vitellii

228 1893 379 1954 exercitu
405 1892 522 1954 urbem
547 1912 683 1973 quoque
708 1902 869 1954 externae
894 1892 968 1974 opis
991 1891 1141 1973 indigam
1167 1891 1254 1955 fame
1274 1903 1419 1974 urgeret.

230 2011 386 2093 Namque
404 2009 425 2093 ¹)
446 2020 481 2074 et
502 2011 652 2074 Africam
673 2021 762 2074 terra
783 2012 934 2093 marique
954 2011 1114 2074 invadere
1128 2012 1280 2093 parabat,
1302 2012 1422 2075 clausis

228 2152 384 2195 annonae
408 2132 566 2194 subsidiis
590 2132 740 2214 inopiam
765 2152 804 2195 ac
830 2132 1033 2194 discordiam
1059 2131 1147 2193 hosti
1172 2132 1355 2195 facturus.”

275 2251 450 2333 Numquid
474 2251 514 2313 iis
539 2251 731 2314 hominibus
755 2271 790 2312 se
815 2251 960 2313 scribere
985 2252 1117 2333 putavit
1139 2251 1289 2326 Tacitus,
1310 2253 1367 2332 qui
1388 2253 1422 2313 in

213 2455 215 2459 Α
230 2392 298 2454 qua
314 2380 409 2454 parte
426 2371 518 2434 orbis
534 2379 697 2434 terrarum
713 2370 888 2452 provincia
900 2369 1017 2433 Africa
1030 2372 1094 2432 sita
1108 2380 1197 2433 esset
1210 2369 1422 2453 ignorarent?

216 2491 277 2584 ¹Et
300 2492 327 2553 si
353 2492 496 2574 putavit,
518 2511 598 2553 num
620 2489 806 2571 quidquam
826 2509 862 2550 se
882 2489 921 2551 iis
941 2487 1152 2571 profuturum
1166 2489 1347 2552 arbitratus
1361 2498 1422 2564 est,

230 2612 258 2673 si
278 2611 486 2673 adscriberet
505 2612 612 2674 eodem
632 2610 737 2672 latere
754 2607 875 2672 sitam?
896 2608 1006 2670 Immo
1027 2608 1206 2689 magistelli
1227 2610 1290 2671 ista
1303 2618 1354 2672 est
1366 2630 1423 2672 an·

231 2731 363 2794 notatio
380 2750 490 2812 neque
507 2730 599 2791 docti
616 2728 800 2791 admodum
819 2737 854 2790 et
870 2728 903 2789 in
919 2726 1106 2793 scribendo,
1118 2748 1237 2809 parum
1249 2728 1423 2819 elegantis.

278 2850 322 2912 H.
343 2850 404 2925 III,
425 2850 614 2931 49.',Dum
634 2847 698 2910 hac
719 2848 823 2909 totius
843 2847 934 2909 orbis
954 2847 1130 2909 nutatione
1144 2846 1279 2910 sortuna
1292 2848 1424 2930 imperii

232 2971 363 3045 transit,
390 2970 518 3033 Primus
542 2968 714 3031 Antonius
739 2986 953 3049 nequaquam
979 2969 1050 3047 pari
1073 2967 1268 3029 innocentia
1288 2967 1423 3048 agebat,

233 3089 443 3153 satisfactum
468 3088 559 3151 bello
583 3097 675 3151 ratus
699 3096 734 3149 et
758 3097 871 3150 cetera
894 3106 937 3148 ex
962 3085 1050 3148 sacili
1076 3105 1105 3147 e.
1119 3085 1214 3166 q.s.”

277 3207 488 3282 Sermonem,
521 3216 557 3269 ut
584 3207 716 3289 opinor,
741 3225 841 3268 nemo
866 3205 920 3267 hic
944 3204 1163 3286 improbabit,
1188 3205 1231 3267 de
1254 3206 1424 3268 sententia

234 3348 335 3391 nemo
355 3327 544 3401 dubitabit;
566 3324 761 3408 planissima
781 3325 871 3385 enim
891 3332 969 3385 sunt
989 3324 1113 3385 omnia.
1138 3322 1263 3385 Verbis
1282 3344 1427 3405 ,nequa-

234 3468 337 3530 quam
368 3448 440 3529 pari
472 3446 667 3509 innocentia
699 3443 845 3525 agebat”
877 3443 1068 3505 Antonium
1102 3444 1266 3506 victorem
1298 3444 1364 3506 iam
1393 3452 1427 3506 et

235 3568 309 3631 urbi
332 3567 666 3650 appropinquantem
691 3584 767 3627 cum
789 3584 829 3626 eo
850 3563 1005 3625 Antonio
1025 3563 1224 3643 comparari,
1245 3563 1303 3644 qui
1325 3563 1428 3624 modo

235 3707 254 3749 e
287 3687 462 3769 provincia
484 3707 545 3748 sua
568 3693 678 3747 castra
703 3683 857 3757 moverit,
883 3683 993 3762 quivis
1016 3682 1131 3744 statim
1158 3681 1325 3763 intelligit.
1359 3680 1428 3745 Sed

235 3808 350 3870 omnia
381 3806 531 3888 corrupit
562 3804 726 3878 librarius,
758 3803 815 3884 qui
848 3802 882 3863 in
915 3810 1047 3864 textum
1079 3800 1251 3863 transtulit
1275 3800 1429 3864 inutilem

235 3927 493 3990 annotationem
518 3936 595 4007 post
628 3922 833 3996 Cremonam,
866 3940 968 4001 quam
993 3919 1219 4000 adscripscrat
1242 3919 1362 4001 aliquis
1386 3919 1429 3980 ad

237 4045 435 4108 illustranda
466 4044 570 4107 verba
601 4043 813 4124 satisfactum
842 4039 921 4103 bello
952 4052 1060 4102 ratus.
1102 4037 1197 4120 Quae
1230 4058 1319 4101 nunc
1350 4046 1429 4100 ante

236 4166 356 4250 agebat
385 4164 516 4247 legitur,
541 4164 598 4227 ubi
624 4161 715 4225 nullo
740 4161 843 4223 modo
868 4159 944 4222 serri
969 4160 1086 4241 possit.
1120 4159 1207 4241 Age,
1232 4159 1322 4221 clara
1346 4177 1430 4220 voce

278 4426 304 4492 1)
321 4424 456 4490 Namque:
475 4423 572 4489 ecquid
591 4423 708 4487 iamque?
