3292 5280
790 376 854 442 274

268 540 388 601 Parum
419 545 552 620 gratum
584 546 635 600 est
667 538 848 600 verborum
879 540 1097 622 ingaudium
1121 540 1226 603 evicta
1250 537 1416 617 ὃξύμωρον.

222 659 379 721 Tacitum
412 657 546 720 dedisse
577 658 699 738 opinor
728 669 845 734 evecta,
877 659 969 740 quod
1002 658 1072 720 fere
1104 659 1196 720 idem
1228 667 1279 721 est
1311 668 1417 742 atque

222 779 322 842 elata.

270 1018 313 1080 H.
336 1018 379 1093 11,
399 1032 453 1100 70.
475 1016 590 1080 Oculis
610 1016 790 1100 perlustrat
805 1016 962 1080 Vitellius
975 1036 1133 1098 campum
1148 1017 1419 1091 Bedriacensem,

224 1139 282 1201 ubi
312 1147 391 1201 ante
424 1138 648 1220 quadraginta
680 1137 752 1200 dies
782 1137 932 1200 terribile
961 1136 1043 1200 illud
1067 1137 1176 1200 fuerat
1199 1138 1419 1200 commissum

224 1258 399 1342 praelium.
432 1255 543 1338 Quam
576 1257 685 1319 dirum
710 1264 745 1319 et
767 1264 867 1319 atrox
891 1255 945 1318 ille
970 1264 1043 1318 tum
1066 1256 1261 1339 praebuerit
1285 1265 1420 1339 specta·

225 1376 338 1439 culum
362 1376 506 1439 facunde
530 1375 741 1438 describitur.
767 1374 944 1458 Sequitur:

274 1497 366 1578 „Nec
392 1498 501 1560 minus
524 1497 709 1560 inhumana
732 1517 810 1578 pars
828 1497 913 1571 viae,
935 1516 1037 1578 quam
1058 1496 1305 1561 Cremonenses
1324 1498 1419 1561 lauru

226 1636 369 1697 rosaque
393 1625 658 1691 constraverant,
685 1617 864 1679 exstructis
888 1615 1049 1679 altaribus
1073 1617 1248 1700 caesisque
1272 1618 1420 1680 victimis

227 1736 356 1818 regium
381 1736 414 1798 in
441 1734 603 1798 morem.”

271 1854 437 1935 Aliquam
465 1855 555 1917 viam
587 1854 640 1917 vel
668 1854 742 1917 viae
766 1862 898 1937 partem
923 1855 1032 1936 ipsam
1056 1855 1273 1921 inhumanam
1299 1875 1423 1918 vocare

228 1974 505 2038 absurdissimum
529 1974 673 2049 videtur,
699 1994 809 2055 neque
833 1974 973 2036 omnino
996 1973 1051 2036 hic
1075 1975 1118 2036 de
1144 1973 1210 2036 ulla
1224 1985 1328 2057 parte
1348 1975 1424 2037 viae

227 2115 339 2157 sermo
371 2115 443 2157 esse
476 2102 600 2176 potest,
633 2093 801 2175 siquidem
832 2094 865 2156 in
891 2093 1173 2175 praecedentibus
1198 2113 1266 2155 non
1292 2094 1335 2156 de
1359 2093 1427 2156 alia

229 2218 377 2298 quadam
401 2217 476 2279 viae
499 2225 596 2298 parte
620 2215 731 2297 agitur
754 2215 813 2277 sed
839 2215 882 2276 de
906 2234 1029 2296 campo
1054 2214 1175 2276 vicino,
1204 2211 1426 2297 Quapropter

228 2337 460 2399 lubentissime
492 2336 684 2418 Leopoldio
718 2355 794 2398 meo
825 2335 990 2397 assentior
1021 2343 1129 2409 acute,
1163 2343 1199 2397 ut
1230 2333 1328 2409 solet,
1362 2356 1426 2417 pro

224 2469 311 2540 pars
336 2457 539 2539 proponenti
563 2456 691 2539 species.
717 2456 795 2518 Non
821 2456 930 2518 minus
955 2474 1057 2537 quam
1082 2455 1193 2537 campi
1219 2455 1307 2518 illius
1332 2455 1425 2518 foedi

229 2577 420 2657 atrocisque
444 2576 627 2638 inhumana
651 2582 724 2638 erat
747 2575 821 2639 viae
842 2575 971 2658 species,
996 2594 1099 2656 quam
1122 2575 1155 2636 in
1177 2574 1345 2637 honorem
1366 2575 1426 2638 Vi-

228 2694 322 2769 tellii,
348 2694 542 2776 nequissimi
567 2694 770 2770 mortalium,
795 2695 842 2756 ita
863 2702 1111 2757 exornaverant
1131 2694 1320 2776 municipes
1340 2703 1426 2757 tam·

230 2835 332 2896 quam
356 2815 383 2876 si
409 2834 550 2896 magnus
573 2814 694 2896 aliquis
717 2834 777 2876 rex
800 2815 990 2876 accederet.

276 3054 319 3118 H.
346 3055 389 3130 11,
414 3069 466 3137 74.
493 3054 732 3135 Vespasianus,
756 3052 836 3115 licet
860 3072 938 3115 eum
960 3051 1054 3114 multi
1076 3060 1303 3134 potentesque
1322 3054 1422 3117 amici

227 3181 330 3256 atque
354 3174 441 3237 adeo
465 3174 528 3255 ipsi
553 3174 599 3235 dii
624 3171 833 3234 immortales
853 3172 896 3234 ad
918 3171 1097 3253 imperium
1118 3179 1252 3247 vocent,
1274 3172 1422 3236 haesitat

225 3294 346 3368 etiam;
380 3294 438 3356 vix
466 3313 501 3354 se
525 3300 622 3355 tanto
646 3291 781 3373 fastigio
806 3309 922 3372 parem
947 3291 1115 3366 aestimat,
1138 3309 1348 3372 gravemque
1372 3312 1422 3354 re·

224 3412 384 3475 formidat
408 3432 534 3475 casum.
560 3411 605 3473 Et
628 3409 694 3473 alia
717 3429 833 3472 secum
857 3408 1025 3471 deliberat
1049 3417 1083 3471 et
1107 3409 1209 3472 haec:

271 3533 374 3614 „Esse
407 3533 546 3615 privatis
577 3529 842 3613 cogitationibus
874 3548 1099 3611 progressum,
1130 3536 1164 3591 et
1188 3539 1289 3611 prout
1316 3530 1422 3594 velint

223 3652 298 3734 plus
330 3653 482 3714 minusve
515 3651 599 3713 sumi
633 3670 677 3711 ex
708 3649 860 3712 fortuna:
893 3649 1073 3729 imperium
1097 3649 1314 3730 cupientibus
1338 3649 1423 3713 nihil

224 3773 372 3834 medium
398 3773 485 3833 inter
509 3790 640 3832 summa
664 3778 722 3831 aut
747 3765 983 3850 praecipitia.”

268 3891 465 3954 Claudicare
498 3888 584 3952 hanc
614 3888 820 3951 sententiam
852 3886 981 3948 dudum
1007 3893 1058 3947 est
1083 3885 1312 3963 intellectum;
1339 3907 1421 3970 ergo

224 4011 359 4092 Lipsius
384 4030 445 4092 pro
460 4022 679 4093 progressum
699 4008 765 4090 legi
785 4007 879 4069 iussit
900 4025 1102 4088 regressum,
1124 4004 1216 4087 quod
1237 4015 1331 4069 certe
1353 4027 1421 4069 me·

224 4132 286 4194 lius
310 4132 453 4204 videtur,
479 4149 581 4210 quam
606 4129 738 4191 illorum
762 4128 987 4199 coniecturae,
1009 4125 1066 4206 qui
1092 4145 1182 4205 „esse
1203 4146 1421 4208 progressum

224 4248 433 4332 regressum'
465 4248 517 4310 vel
554 4269 645 4326 „esse
675 4266 888 4330 progressum
913 4264 985 4306 esse
1011 4242 1221 4324 regressum”
1246 4244 1300 4316 ,vel
1329 4264 1421 4324 „esse

224 4389 436 4453 progressum
472 4376 506 4429 et
543 4366 753 4449 regressum'
789 4370 1048 4448 proposuerunt.
1086 4361 1174 4424 Nam
1211 4364 1244 4424 in
1278 4364 1421 4444 privatis
