3210 5274
779 388 821 470 67

201 569 373 631 commisit
403 588 561 643 errorem,
594 588 696 650 quem
730 568 869 631 Tacitus
900 569 1012 631 verbis
1042 570 1216 634 mollitiam
1248 570 1398 653 corporis

201 687 337 750 refutat.
373 685 428 751 Sic
463 697 586 770 sponte
621 688 664 751 ad
697 687 858 750 leniorem
890 688 1091 751 adducimur
1122 689 1397 752 emendationem

202 827 306 888 quam
340 807 494 869 Rhenani
527 806 583 869 illa
614 816 682 870 est:
715 809 804 870 omni
816 809 955 893 flagitio
978 809 1149 872 obstrictos
1172 808 1309 889 (omisso
1333 807 1396 888 inl:

202 927 405 990 dicebantur
424 927 468 989 ab
489 936 685 989 accusatore
707 926 840 1000 milites,
861 927 983 1007 quibus
1003 935 1074 989 tam
1094 925 1226 989 facilem
1247 947 1283 988 se
1305 945 1399 1008 prae·

202 1047 343 1109 stitisset
369 1045 535 1120 Valerius,
555 1046 645 1108 vitae
666 1046 758 1108 molli
778 1054 812 1108 et
834 1047 972 1108 minime
994 1046 1129 1109 militari
1150 1048 1198 1110 ita
1218 1045 1401 1128 assuefacti

204 1179 241 1230 ut
270 1169 339 1230 iam
371 1167 488 1230 divelli
516 1167 591 1228 inde
613 1178 644 1230 et
666 1167 715 1229 ad
735 1167 849 1228 bonam
867 1167 1013 1249 frugem
1037 1167 1152 1230 reduci
1174 1187 1235 1229 non
1254 1178 1397 1250 possent.

205 1286 282 1349 Hoc
307 1295 358 1349 est
381 1287 557 1350 obstrictus
580 1287 682 1348 alicui
704 1288 762 1359 rei,
789 1285 854 1347 hoc
879 1286 982 1348 etiam
1008 1285 1051 1347 H.
1077 1287 1120 1360 II,
1148 1301 1187 1368 37
1209 1286 1398 1366 requiritur,

204 1405 262 1467 ubi
295 1404 471 1467 Mediceus
502 1405 623 1467 habet:
657 1405 755 1486 „lnon
780 1404 896 1485 credo)
920 1404 1050 1486 legatos
1074 1424 1113 1466 ac
1138 1406 1251 1479 duces,
1277 1425 1400 1487 magna

204 1545 248 1588 ex
271 1534 369 1607 parte
392 1525 491 1587 luxus
515 1525 677 1606 egestatis
695 1524 860 1586 scelerum
880 1523 944 1586 sibi
964 1524 1127 1599 conscios,
1149 1524 1211 1587 nisi
1233 1523 1400 1606 pollutum

203 1645 476 1725 obstrictumque
511 1645 641 1708 meritis
675 1644 742 1706 suis
778 1644 965 1726 principem
1003 1642 1191 1726 passur0s”,
1227 1645 1286 1705 sed
1323 1663 1400 1706 cum

204 1764 431 1827 deterioribus
449 1765 596 1827 moribus
611 1763 793 1845 legendum
810 1783 883 1825 esse
900 1763 1134 1825 demonstrare
1151 1783 1224 1824 sum
1241 1770 1400 1825 conatus:

204 1884 301 1966 pravi
338 1883 384 1945 illi
420 1892 454 1946 et
489 1885 639 1966 corrupti
676 1885 780 1946 duces
815 1904 882 1946 non
917 1883 1019 1946 alium
1051 1884 1291 1965 imperatorem
1324 1893 1401 1945 sunt

205 2003 335 2085 passuri
361 2024 463 2085 quam
488 2005 546 2084 qui
569 2005 640 2067 suis
662 2003 809 2066 moribus
831 2003 1006 2066 obstrictus
1027 2004 1047 2064 i.
1063 2024 1092 2065 e.
1115 2002 1226 2065 eidem
1246 2002 1403 2066 addictus

205 2125 368 2205 pravitati
392 2125 445 2187 sit.

251 2243 313 2317 XI,
349 2263 377 2324 3.
409 2243 573 2306 Liberum
607 2244 724 2306 mortis
755 2243 931 2306 arbitrium
966 2243 1104 2306 Valerio
1136 2245 1404 2326 permittendum

205 2372 324 2426 censet
348 2362 507 2425 Vitellius
531 2372 565 2426 et
594 2362 756 2443 ,eandem
777 2362 1016 2426 clementiam'’
1036 2363 1108 2445 ipse
1128 2384 1264 2445 quoque
1285 2368 1406 2428 suadet

207 2483 412 2565 imperator:

279 2602 527 2683 „Hortantibus
550 2601 674 2666 dehinc
696 2602 899 2684 quibusdam
920 2602 1067 2665 inediam
1085 2611 1120 2665 et
1136 2603 1248 2666 lenem
1265 2604 1403 2679 exitum,

207 2723 383 2784 remittere
415 2720 618 2784 beneficium
651 2721 823 2784 Asiaticus
853 2721 911 2796 ait,
944 2728 978 2782 et
1009 2722 1187 2802 usurpatis,
1212 2722 1334 2802 quibus
1358 2724 1407 2785 in·

207 2849 366 2904 sueverat
398 2840 709 2915 exercitationibus,
737 2839 830 2902 lauto
854 2860 1006 2922 corpore,
1033 2840 1137 2903 hilare
1162 2841 1338 2923 epulatus.
1354 2890 1361 2903 .
1376 2891 1406 2905 ..

210 2980 316 3023 venas
340 2958 521 3022 exsolvit.”

254 3078 347 3160 Quid
373 3088 425 3141 est
448 3079 618 3142 remittere
640 3079 852 3163 beneficium?
877 3078 1086 3161 Interpretes
1109 3080 1155 3141 sic
1180 3080 1335 3162 accipere
1361 3083 1407 3143 vi·

210 3198 336 3259 dentur
359 3205 396 3258 ut
420 3197 480 3258 sit:
506 3196 673 3259 beneficio
697 3219 759 3260 non
784 3198 841 3261 uti.
863 3197 912 3259 At
933 3199 985 3259 cui
1007 3198 1090 3260 haec
1110 3198 1291 3261 clementia
1312 3199 1408 3263 liberi

212 3318 331 3379 mortis
363 3317 492 3379 arbitrii
523 3318 603 3379 data
635 3326 697 3391 est,
730 3338 769 3379 ea
796 3339 857 3380 non
882 3318 933 3380 uti
955 3337 1022 3379 non
1048 3326 1178 3400 potest:
1205 3338 1408 3400 quocunque

211 3437 316 3498 modo
348 3436 500 3510 moritur,
531 3437 603 3517 ipse
636 3436 722 3498 illius
755 3437 872 3499 mortis
903 3446 1021 3498 auctor
1049 3436 1102 3511 fit;
1137 3436 1192 3498 ille
1223 3437 1325 3500 etiam
1350 3441 1408 3519 qui

213 3555 323 3636 (XVI,
347 3556 380 3637 9)
404 3555 528 3618 restitit
551 3556 805 3637 percussoribus
829 3564 863 3618 et
888 3575 1042 3638 pugnans
1065 3576 1142 3618 cum
1167 3557 1304 3618 armatis
1325 3566 1409 3620 tam-

213 3695 316 3756 quam
341 3674 375 3737 in
399 3675 471 3736 acie
495 3675 630 3747 cecidit,
651 3683 766 3737 tamen
787 3674 878 3737 illam
901 3684 1045 3737 mortem
1065 3674 1168 3757 elegit
1189 3676 1270 3756 ipse.
1292 3674 1409 3758 Oppo-

213 3801 340 3855 nuntur
363 3793 451 3855 inter
474 3813 509 3854 se
533 3794 702 3857 remittere
721 3803 775 3855 et.
791 3841 797 3856 .
813 3841 819 3856 .
834 3842 841 3855 .
854 3795 1035 3857 intendere:
1056 3794 1196 3856 intendit
1214 3794 1408 3876 quicunque

214 3912 256 3973 ad
290 3919 483 3973 extremum
515 3931 621 3992 usque
654 3910 755 3974 finem
787 3913 821 3975 in
845 3911 1016 3992 aliquare
1041 3920 1246 3994 perseverat,
1271 3915 1413 3979 remittit

215 4031 271 4110 qui
308 4049 410 4111 parce
445 4038 481 4090 et
512 4029 646 4092 modice
677 4031 748 4111 agit
765 4028 796 4112 ¹).
829 4028 864 4094 Si
896 4030 1030 4092 fecisset
1062 4030 1217 4093 Valerius
1251 4031 1284 4094 id
1317 4034 1409 4113 quod

254 4308 280 4373 1)
300 4309 461 4358 Praeclarum
487 4309 645 4373 exemplum,
664 4309 794 4384 simulque
813 4309 984 4360 firmissimum
1005 4326 1077 4360 meae
1097 4311 1321 4374 interpretationis
1339 4328 1413 4377 argu·

217 4405 343 4461 mentum,
362 4396 470 4460 praebet
489 4395 549 4444 Seu.
570 4395 620 4458 Ep.
642 4407 685 4459 71,
707 4407 752 4457 19:
774 4395 840 4459 „hoc
858 4412 906 4446 nec
925 4398 1021 4446 remitti
1041 4413 1089 4446 nec
1109 4397 1210 4446 intendi
1230 4398 1334 4461 posse'’.
