3210 5274
864 363 929 441 246

295 567 392 628 spem
425 545 673 609 incolumitatis
704 542 857 607 Caesaris
887 543 1041 616 affirmat,
1074 561 1176 623 quam
1207 542 1233 603 si
1266 541 1318 603 ius
1351 539 1501 602 militum

297 687 364 728 uno
395 665 452 728 illo
485 666 540 728 die
575 666 609 728 in
634 664 781 745 aliquem
806 663 1005 725 libertorum
1029 661 1240 737 transferret3
1266 681 1373 742 seque
1399 658 1502 723 offert

295 783 564 867 suscepturum.”

341 902 426 985 Quis
455 903 633 984 imperium
659 901 814 977 militare,
839 903 932 983 quod
957 921 1047 965 nunc
1071 921 1176 984 penes
1200 900 1335 980 Getam,
1359 919 1502 982 suspec-

297 1032 369 1086 tum
394 1024 579 1097 hominem,
604 1031 664 1097 est,
690 1023 733 1084 ad
757 1022 958 1085 libertorum
981 1022 1129 1103 aliquem
1153 1019 1343 1095 transferet,
1368 1020 1396 1082 si
1418 1040 1502 1081 con·

296 1142 371 1205 silio
405 1142 553 1205 Narcissi
587 1140 901 1224 obtemperabitur?
927 1141 1061 1223 Nempe
1086 1140 1256 1205 Claudius.
1281 1139 1327 1202 Et
1351 1140 1406 1202 cui
1431 1140 1501 1202 hoc

297 1264 357 1326 dat
388 1262 565 1326 consilium
589 1282 736 1325 —nam
767 1261 945 1324 consilium
977 1260 1115 1343 aliquod
1148 1261 1181 1323 in
1214 1260 1326 1324 verbis
1350 1261 1424 1322 eius
1449 1262 1501 1323 in·

297 1403 381 1454 esse,
418 1402 485 1444 non
523 1401 649 1443 meram
682 1381 890 1463 opinionem,
923 1381 998 1463 quis
1029 1379 1189 1463 negabit?
1221 1417 1264 1427 —
1297 1379 1501 1443 Narcissus?

299 1502 433 1583 Nempe
464 1500 617 1564 Claudio
643 1501 689 1563 Et
714 1501 756 1562 de
780 1501 873 1564 cuius
895 1499 1027 1564 libertis
1050 1501 1105 1566 hic
1129 1522 1240 1565 sermo
1264 1499 1336 1563 est?
1362 1500 1500 1564 Claudii

297 1630 335 1684 ut
358 1621 490 1702 opinor.
512 1618 733 1683 Confidenter
753 1640 834 1701 ergo
855 1640 917 1702 pro
938 1619 1094 1684 Caesaris
1111 1640 1240 1702 repono
1257 1619 1406 1693 Caesari,
1428 1640 1501 1702 qua

297 1741 493 1803 coniectura
523 1739 622 1802 simul
646 1740 811 1802 sermonis
835 1739 1021 1803 consulitur
1045 1739 1242 1820 integritati.
1268 1739 1357 1801 Nam
1384 1760 1500 1821 neque

298 1861 364 1922 isto
398 1858 539 1923 Caesari
568 1879 683 1931 carere
714 1858 768 1920 hic
793 1858 960 1940 possimus
985 1867 1020 1921 et
1045 1878 1132 1939 ,non
1155 1858 1257 1920 aliam
1281 1878 1378 1939 spem
1404 1861 1503 1921 inco·

297 1978 461 2041 lumitatis
493 1979 644 2041 Caesaris
667 1978 835 2041 affirmat”
860 1978 1004 2040 duritiae
1029 1986 1172 2040 estnon
1196 1977 1368 2040 serendae.
1397 1978 1501 2057 ,Non

298 2108 349 2161 est
373 2098 438 2161 alia
463 2098 704 2161 incolumitatis
727 2097 827 2181 spes’'
848 2099 896 2161 sic
916 2097 1095 2161 Claudiurn
1116 2097 1293 2159 Narcissus
1312 2096 1503 2178 alloquitur

303 2241 423 2302 ,quam
444 2221 470 2281 si
493 2219 558 2282 hoc
579 2239 646 2281 uno
667 2219 722 2281 die
742 2219 922 2301 imperium
943 2219 1235 2301 praetorianorum
1248 2218 1281 2279 in
1295 2217 1500 2282 libertorum

299 2346 434 2401 tuorum
466 2338 614 2419 aliquem
647 2336 860 2400 transferes.”
894 2338 946 2400 De
969 2359 1031 2401 sua
1055 2358 1128 2400 esse
1152 2356 1343 2400 sermonem
1369 2337 1502 2401 incolu-

300 2459 418 2521 mitate
441 2467 575 2540 sponte,
600 2466 637 2520 ut
661 2458 792 2539 opinor,
818 2457 986 2520 intellexit
1009 2458 1153 2540 pavidus
1177 2457 1345 2539 princeps.

345 2696 388 2760 A.
415 2696 474 2771 XI,
502 2715 553 2777 34.
579 2697 631 2759 De
655 2696 917 2779 importunitate
941 2697 1056 2759 uxoris
1079 2696 1222 2759 edoctus
1245 2694 1415 2771 Claudius,
1442 2717 1500 2760 co·

301 2816 439 2877 mitibus
469 2815 609 2878 Vitellio
640 2824 675 2877 et
709 2816 821 2896 Largo
853 2814 1000 2878 Caecina
1031 2815 1065 2876 in
1098 2815 1216 2877 urbem
1241 2814 1425 2877 revehitur.
1460 2815 1501 2878 In

299 2954 368 3014 quo
400 2935 520 2997 itinere
546 2934 702 2997 Vitellius
733 2935 923 2998 identidem
957 2955 996 3015 ,o
1020 2933 1158 3009 facinus,
1184 2954 1205 2996 o
1229 2932 1360 2996 scelus”
1385 2953 1502 3016 neque

300 3055 487 3135 quidquam
512 3054 599 3117 ultra
624 3053 810 3117 clamabat:

348 3173 522 3251 „Instabat
553 3174 694 3255 quidem
719 3174 896 3236 Narcissus
919 3174 1066 3256 aperiret
1089 3172 1261 3254 ambages,
1286 3182 1321 3236 et
1345 3174 1416 3235 veri
1442 3193 1501 3238 co·

300 3291 391 3373 piam
416 3291 542 3354 laceret
558 3291 596 3372 ¹);
622 3292 682 3354 sed
709 3312 776 3355 non
801 3293 880 3355 ideo
900 3291 1054 3375 pervicit,
1075 3293 1156 3374 quin
1177 3312 1340 3374 suspensa
1360 3302 1405 3367 et,
1427 3312 1500 3374 quo

300 3412 504 3474 ducerentur
535 3411 735 3475 inclinatura
760 3414 992 3496 responderet,
1017 3412 1245 3496 exemploque
1269 3413 1341 3476 eius
1366 3414 1502 3497 Largus

300 3529 447 3593 Caecina
472 3531 655 3593 uteretur.”

345 3649 455 3711 Multo
487 3651 610 3712 rectius
642 3650 696 3711 hic
730 3671 792 3732 pro
824 3661 974 3714 uteretur
1006 3650 1157 3732 legemus
1189 3651 1351 3714 utebatur.
1377 3651 1501 3717 Solum

308 3768 473 3831 Vitellium
510 3777 546 3830 ut
581 3769 742 3850 ambages
776 3789 852 3831 suas
887 3770 1035 3851 aperiret
1070 3771 1246 3834 Narcissus
1278 3770 1503 3838 hortabatur:

300 3886 387 3949 illius
418 3889 508 3950 enim
540 3887 671 3950 fuerant
705 3888 971 3951 exclamationes
1003 3890 1097 3953 istae.
1131 3890 1265 3953 Deinde
1296 3890 1426 3977 aliquid
1457 3896 1504 3959 de

299 4006 406 4069 altero
432 4008 556 4069 comite
582 4006 712 4070 Claudii
738 4009 882 4090 scriptor
905 4009 1012 4071 addit.

338 4220 363 4284 1)
388 4221 469 4267 Necte
495 4220 610 4282 aperiret
621 4248 655 4255 -
658 4219 763 4284 faceret
787 4220 935 4284 Madvigius
960 4221 1053 4286 reponi
1077 4222 1152 4271 iussit
1172 4237 1219 4286 pro
1239 4221 1504 4289 aperire-faeere.

300 4306 366 4364 Quis
392 4305 424 4352 sit
450 4306 477 4353 in
503 4305 549 4353 tali
574 4322 600 4353 re
619 4307 754 4369 aperiendi
772 4307 845 4355 verbi
864 4323 924 4356 usus
942 4307 1034 4356 docere
1055 4315 1165 4371 possunt
1183 4306 1211 4356 hi
1230 4307 1282 4356 loci
1301 4321 1333 4356 ex
1353 4307 1503 4361 Historiis:

300 4392 329 4438 L.
351 4391 385 4453 ΙΙ,
406 4400 437 4453 53
458 4398 483 4438 et
504 4389 545 4451 78.
