3210 5274
773 412 832 478 Ι45

210 582 438 666 promitteret.
464 579 597 645 Scimus
620 581 710 643 enim
735 601 812 643 eum
836 580 995 662 Augusto
1020 579 1129 643 visum
1154 601 1227 643 esse
1252 582 1407 662 „avidum

211 701 369 785 (imperii)
394 709 429 764 et
454 699 642 763 minorem”
663 700 718 782 (Α.
740 700 764 774 Ι,
792 702 851 782 13),
873 700 998 762 scimus
1018 720 1155 782 quoque
1175 700 1206 782 (e
1227 699 1345 765 Servio
1366 701 1409 764 ad

212 822 309 903 Virg.
336 820 408 884 Ecl.
432 820 465 902 4)
490 820 531 883 ab
554 820 610 883 illo
636 818 783 882 fabulam
807 840 969 902 sparsam,
994 820 1130 901 quade
1150 819 1312 883 Pollionis
1331 839 1410 881 con·

212 941 293 1004 sulis
313 940 383 1003 filio
403 960 535 1004 summa
556 960 723 1022 quaeque,
743 947 918 1021 tamquam
939 940 981 1002 de
1003 938 1115 1002 futuro
1135 939 1267 1022 imperii
1288 940 1411 1021 capite,

213 1062 437 1125 vaticinatum
468 1082 541 1124 esse
574 1061 754 1142 Virgilium
783 1061 921 1140 quidam
947 1061 1164 1124 crediderunt
1189 1059 1242 1143 (cf.
1268 1061 1413 1122 Boissier

212 1180 246 1244 la
271 1181 430 1263 Religion
455 1181 622 1244 Romaine
648 1180 714 1243 vol.
740 1180 777 1261 Ι).
803 1177 898 1261 Quae
922 1179 949 1242 si
974 1200 1042 1244 non
1069 1200 1155 1243 vana
1179 1181 1326 1262 suspicio
1350 1189 1412 1254 est,
1464 1172 1466 1177 ’

215 1320 284 1364 non
308 1300 418 1363 solum
443 1300 521 1364 ideo
545 1299 719 1362 Tiberium
744 1299 961 1374 admiramur,
986 1301 1079 1381 quod
1100 1299 1236 1382 ineptae
1257 1301 1300 1362 de
1321 1300 1413 1363 libris

215 1417 393 1502 Sibyllinis
413 1419 631 1502 inspiciendis
650 1419 840 1481 sententiae
859 1419 1008 1501 prudens
1025 1420 1224 1502 opposuerit
1236 1418 1414 1482 consilium

215 1541 322 1603 totius
347 1540 474 1621 negotii
498 1540 676 1622 sagacibus
700 1539 886 1622 peritisque
911 1541 1096 1603 mandandi
1118 1541 1207 1614 viris,
1227 1540 1286 1602 sed
1308 1539 1415 1620 magis

217 1660 321 1722 etiam
353 1658 441 1722 hanc
473 1658 518 1721 ob
549 1678 697 1734 causam,
730 1659 822 1741 quod
854 1658 1015 1722 stolidum
1048 1658 1230 1734 aemulum,
1261 1659 1416 1742 quamvis

217 1779 289 1841 eius
318 1779 527 1861 perspiceret
550 1778 702 1854 artificia,
727 1778 827 1841 rebus
853 1778 966 1860 potius
989 1799 1091 1861 quam
1116 1779 1228 1842 verbis
1252 1778 1415 1841 refutarit.

218 1898 318 1963 Certe
344 1898 426 1961 nihil
450 1898 505 1962 hic
528 1898 700 1961 commisit
720 1897 876 1961 Tiberius
896 1899 989 1980 quod
1011 1898 1064 1961 vel
1085 1898 1256 1963 levissima
1276 1899 1416 1981 dignum

219 2027 306 2081 esset
332 2018 594 2101 vituperatione.
619 2017 665 2080 Et
690 2025 806 2080 tamen
830 2017 979 2093 Tacitus,
1004 2038 1046 2081 eo
1066 2018 1153 2094 loc0,
1175 2039 1277 2100 quem
1297 2017 1417 2099 reliqui

220 2157 376 2212 vacuum,
408 2138 490 2218 quid
523 2135 657 2220 posuit?
682 2137 816 2219 Nempe
834 2138 976 2221 perinde
998 2138 1113 2201 divina
1135 2138 1346 2219 humanaque
1368 2137 1420 2200 ob·

220 2269 340 2341 tegens,
377 2277 465 2338 quae
500 2257 605 2321 verba
641 2257 699 2320 vix
733 2257 1050 2340 interpretationem
1083 2258 1269 2320 admittunt
1301 2256 1419 2320 ullam:

219 2378 296 2459 quis
317 2377 408 2439 enim
430 2398 491 2459 pro
513 2386 608 2440 certo
628 2385 778 2440 statuere
798 2375 905 2459 possit
926 2397 1013 2459 quae
1034 2377 1077 2439 sit
1097 2397 1214 2440 eorum
1231 2374 1421 2440 sententia?

220 2496 340 2562 Unum
365 2495 430 2558 hoc
455 2497 610 2560 videmus
635 2497 689 2559 hic
714 2517 852 2578 quoque
875 2517 911 2559 se
935 2496 1056 2560 Tacito
1081 2497 1272 2560 abstrusam
1292 2497 1421 2560 arcani·

216 2637 288 2700 que
323 2625 546 2699 appetentem
578 2618 765 2680 Domitiani
798 2617 961 2680 obtulisse
985 2617 1135 2680 indolem
1161 2619 1253 2681 -si
1280 2638 1421 2700 usquam

213 2734 476 2818 intempestive,
508 2735 563 2799 hic
594 2736 759 2819 profecte.
793 2737 882 2800 Nam
914 2739 957 2800 de
989 2736 1128 2801 Tiberio
1158 2758 1245 2820 quae
1270 2738 1325 2802 hic
1350 2759 1423 2801 nar·

211 2864 352 2930 rantur,
377 2855 492 2918 omnia
516 2865 595 2918 sunt
618 2876 721 2937 quam
744 2857 957 2938 apertissima
980 2857 1306 2939 simplicissimaque.

266 2973 340 3040 Sed
371 2974 512 3067 omnino
544 2994 710 3057 nusquam
738 2976 845 3057 magis
868 2976 982 3039 studio
1006 2977 1130 3051 omnia,
1156 2995 1244 3057 quae
1267 2975 1424 3039 Tiberius

207 3095 345 3159 fecerit
469 3102 528 3157 aut
552 3113 621 3157 non
646 3093 774 3170 lecerit,
798 3095 832 3157 in
854 3096 1003 3159 deterius
1024 3095 1251 3177 detorquendi
1271 3095 1426 3178 indulget

205 3211 368 3279 Tacitus
397 3232 500 3296 quam
534 3212 599 3276 hoc
631 3214 754 3296 capite.
786 3214 863 3277 Non
884 3216 1012 3298 fecerit
1033 3215 1098 3290 ai0,
1123 3235 1202 3277 nam
1227 3235 1270 3278 ue
1293 3235 1426 3297 quaea

205 3331 368 3399 Tiberio
400 3333 566 3416 neglecta,
592 3333 726 3408 omissa,
750 3343 865 3416 spreta
889 3335 1028 3416 quidem
1051 3343 1130 3398 sunt
1154 3334 1349 3415 turpissima
1373 3355 1427 3397 ca·

203 3473 300 3521 rere
328 3454 523 3537 suspicione
547 3453 686 3516 Tacitus
710 3455 847 3536 patitur,
871 3453 951 3516 licet
974 3453 1170 3517 facillimum
1194 3453 1238 3515 sit
1262 3453 1427 3516 honestis-

199 3578 351 3640 simam
375 3573 493 3636 afferre
516 3593 663 3636 causam.
686 3571 875 3637 Videamus
896 3573 1000 3636 modo
1020 3593 1107 3654 quae
1128 3593 1230 3655 porro
1250 3582 1428 3637 narrantur

202 3694 357 3759 eodem
379 3693 508 3776 capite:

282 3811 460 3895 „Edendis
502 3810 758 3893 gladiatoribus
797 3830 883 3893 quos
919 3809 1111 3874 Germanici
1148 3810 1257 3875 lratris
1292 3833 1333 3876 ac
1367 3834 1429 3877 suo

201 3932 369 3999 nomine
393 3930 575 4006 obtulerat,
601 3931 730 3993 Drusus
754 3930 934 4012 praesedit,
959 3949 1165 4011 quamquam
1189 3931 1245 3994 vili
1265 3932 1429 4015 sanguine

205 4053 332 4118 nimis
352 4051 521 4132 gaudens;
542 4050 634 4132 quod
657 4049 690 4112 in
711 4048 831 4131 vulgus
851 4048 1108 4112 formidolosum
1125 4059 1159 4112 et
1172 4059 1269 4131 pater
1282 4052 1431 4133 arguisse

207 4170 446 4237 dicebatur.”

274 4291 457 4356 Hactenus
477 4288 592 4353 omnia
609 4290 652 4353 de
669 4288 808 4353 Tiberio
824 4289 906 4353 satis
923 4289 1121 4365 honorifica,
1136 4289 1361 4354 diciturenim
1375 4292 1434 4356 filii

216 4411 472 4477 crudelitatem
486 4409 675 4474 identidem
685 4410 905 4491 vituperasse.
917 4410 1009 4493 Ergo
1017 4429 1095 4472 cum
1104 4410 1266 4492 deinceps
1275 4410 1434 4492 legimus:

1260 4542 1293 4580 10
