3210 5274
709 307 750 387 5⁶

125 506 193 548 uno
224 486 354 568 reliquo
385 488 499 568 stirpis
533 487 655 568 regiae,
687 487 745 568 qui
777 489 869 569 apud
893 488 1013 551 urbem
1038 487 1243 564 habebatur,
1266 509 1323 551 no·

126 605 215 666 mine
252 605 388 668 Italicus
504 605 610 687 Igitur
645 605 769 668 Caesar
802 607 978 688 Augustus
1009 607 1166 688 pecunIa,
1198 607 1322 671 additis

125 723 355 803 stipatoribus,
388 724 543 787 hortatur
569 725 696 806 gentile
720 727 824 788 decus
849 745 973 807 magno
996 726 1112 789 animo
1136 746 1324 809 capessere.

171 841 226 907 Sic
259 843 443 918 MediceuS,
468 846 530 907 nisi
555 847 648 927 quod
673 845 820 908 nominis
843 846 1018 929 Augustus
1041 867 1057 908 s
1082 845 1186 909 finale
1210 868 1231 910 e
1254 867 1323 909 cor-

127 964 278 1026 rectione
304 972 422 1027 natum
447 973 508 1027 est.

172 1084 209 1145 In
231 1084 438 1146 editionibus
458 1085 643 1147 rectissime
664 1104 753 1146 nunc
773 1084 896 1166 legitur
915 1098 1058 1160 auctum,
1076 1086 1138 1147 sed
1153 1085 1324 1167 praeclara

127 1200 210 1263 haec
235 1203 430 1265 coniectura
531 1203 676 1266 debetur
699 1203 809 1265 codici
835 1203 1002 1266 Gudiano.

172 1320 264 1383 Ann.
286 1322 346 1396 XI,
372 1324 419 1385 18.
443 1322 580 1397 Chauci,
601 1322 696 1385 milia
717 1322 927 1385 dissensione
948 1322 1040 1384 domi
1059 1330 1094 1384 et
1114 1331 1227 1386 morte
1245 1323 1322 1387 San·

127 1440 232 1520 quinii
257 1440 394 1516 alacres
420 1442 500 1504 dum
525 1440 674 1504 Corbulo
694 1442 869 1515 adventat,
890 1440 1083 1503 inferiorem
1105 1440 1323 1505 Germaniam

127 1560 351 1622 incursavere.
384 1558 440 1624 Sic
474 1559 665 1636 Mediceus;
699 1561 884 1623 rectissime
910 1561 986 1623 cod.
1012 1559 1100 1623 Gud.
1124 1560 1231 1636 nulla,
1256 1562 1324 1623 sive

127 1679 220 1759 quod
246 1680 279 1741 in
304 1679 491 1761 exemplari
512 1681 583 1743 eius
603 1680 684 1743 illud
707 1679 779 1755 fuit,
799 1680 870 1743 sive
890 1679 982 1762 quod
1004 1679 1112 1742 critici
1132 1681 1216 1743 satis
1236 1681 1324 1744 acuti

130 1818 267 1860 manum
292 1808 454 1881 expertus
478 1800 532 1862 hic
556 1808 618 1874 est,

174 1917 265 1979 Ann.
299 1918 357 1992 XI,
392 1935 444 1982 20.
478 1918 639 2001 (Corbulo
670 1917 783 1981 subito
808 1938 826 1980 e
850 1917 965 1981 medio
991 1916 1109 1980 labore
1132 1918 1323 1999 revocatus)

129 2036 212 2098 nihil
233 2036 322 2099 aliud
344 2038 540 2119 prolocutus
560 2058 663 2119 quam
683 2037 804 2100 beatos
823 2037 997 2117 quondam
1018 2038 1122 2099 duces
1139 2036 1322 2111 Romanos,

128 2155 262 2236 signum
290 2158 440 2238 receptui
465 2157 571 2218 dedit.
604 2155 646 2219 Vi
667 2165 782 2218 tamen
809 2154 905 2217 miles
928 2155 1037 2217 otium
1060 2163 1213 2230 exueret,
1239 2155 1324 2217 inter

131 2274 264 2337 Mosam
291 2275 517 2357 Rhenumque
542 2275 660 2337 XXIII
687 2273 817 2336 milium
838 2273 950 2355 spatio
975 2272 1100 2335 fossam
1125 2274 1296 2354 perduxit.

177 2395 215 2456 In
239 2395 339 2457 codd.
369 2393 634 2474 „deterioribus”
660 2413 740 2456 vera
763 2393 865 2455 lectio
889 2404 927 2456 ut
950 2393 1131 2455 invenitur.

176 2513 268 2576 Ann.
294 2514 372 2587 XII,
396 2530 450 2596 47.
475 2514 564 2594 (Rex
596 2512 813 2575 Mithridates
837 2511 882 2575 ab
905 2512 1100 2574 adversario
1125 2532 1186 2593 per
1211 2512 1324 2575 dolum

131 2633 352 2715 prehenditur
377 2642 410 2695 et
436 2633 604 2714 vincitur).
630 2633 682 2695 Ac
707 2632 886 2715 compede,
910 2632 1002 2713 quod
1024 2632 1232 2695 dedecorum
1255 2632 1327 2695 bar·

132 2753 220 2814 baris
237 2751 269 2834 ¹),
290 2752 504 2826 trahebatur;
526 2773 603 2815 mox
622 2754 701 2834 quia
714 2748 737 2834 ²)
759 2752 889 2833 vulgus,
907 2752 992 2814 duro
1006 2751 1149 2833 imperio
1163 2751 1325 2826 habitum,

132 2871 256 2954 probra
279 2892 318 2934 ac
344 2871 484 2934 verbera
507 2871 717 2946 intentabat;
743 2879 778 2932 et
801 2879 898 2933 erant
921 2879 1040 2934 contra
1065 2871 1123 2953 qui
1147 2890 1177 2933 e.
1192 2892 1226 2954 q.
1240 2893 1265 2934 s.

177 2992 307 3054 Locum
340 2990 575 3072 perturbatum
607 2991 640 3052 in
673 2990 827 3053 ordinem
859 2990 982 3071 redigit
1013 2990 1125 3052 codex
1153 2989 1325 3053 Gudianus

132 3111 331 3193 praebendo
355 3131 501 3191 moxque.

176 3230 268 3293 Ann.
294 3230 389 3302 XIII,
415 3230 444 3290 8.
465 3228 634 3291 Corbulo.
650 3276 657 3290 .
672 3275 679 3290 .
693 3246 836 3309 corpore
857 3228 985 3309 ingens,
1008 3226 1120 3290 verbis
1140 3227 1325 3312 magnificis

131 3359 166 3412 et
196 3371 297 3433 super
330 3349 576 3430 experientiam
606 3348 878 3430 sapientiamque
910 3347 1014 3410 etiam
1037 3347 1151 3427 specie
1176 3347 1324 3410 inanium

132 3470 273 3532 validus.

179 3588 262 3650 Mihi
288 3587 395 3649 multo
419 3595 590 3667 praestare
612 3586 818 3648 deteriorum
843 3585 945 3648 lectio
966 3584 1164 3670 magnificus
1184 3586 1326 3650 videtur.

133 3705 233 3768 Certe
254 3727 321 3769 non
343 3707 421 3768 ideo
441 3705 624 3767 reiicienda
643 3714 695 3766 est
715 3705 804 3785 quod
819 3706 853 3766 in
875 3705 1035 3766 deteriori
1051 3704 1170 3768 codice
1187 3705 1325 3787 legatur.

178 3823 269 3886 Ann.
295 3825 390 3898 XIII,
417 3825 467 3887 26.
494 3825 545 3906 (In
574 3833 693 3887 senatu
718 3844 795 3887 cum
819 3831 976 3904 ageretur
999 3824 1043 3886 de
1066 3823 1208 3904 ingratis
1231 3824 1328 3886 liber·

134 3943 186 4016 tis,
218 3951 253 4004 et
279 3943 418 4021 quidam
443 3951 620 4004 censerent
645 3944 796 4024 patronis
819 3942 972 4005 dandum
996 3961 1069 4004 esse
1093 3943 1144 4004 ius
1167 3942 1202 4005 in
1227 3942 1327 4005 servi-

173 4141 198 4207 1)
217 4142 284 4191 Satis
308 4143 398 4206 inepte
423 4141 511 4190 addita
536 4142 599 4191 haec
625 4149 699 4191 sunt:
726 4158 758 4191 an
784 4157 846 4206 ergo
871 4141 942 4206 apud
961 4141 1074 4190 Graecos
1094 4140 1282 4206 Romanosque
1300 4143 1326 4191 in

133 4228 232 4276 honore
252 4228 317 4276 illud
336 4229 458 4293 ponitur?

169 4318 197 4383 2)
216 4319 247 4367 In
267 4319 338 4367 Med.
356 4328 409 4367 est:
429 4334 489 4368 mox
512 4322 561 4383 qu,
581 4319 679 4368 lineola
699 4319 806 4368 sortasse
827 4328 886 4383 post
905 4319 1019 4382 appicta.
