3292 5280
160 991 168 1014 ,
213 933 364 996 INDEX
389 933 756 1001 VOCABULORUM
782 936 1154 1003 NONNULLORUM
1179 938 1314 1022 QUAE

405 1039 567 1104 PAULO
591 1040 760 1106 FUSIUS
785 1041 1124 1108 TRACTANTUR.

662 1253 856 1261 ——-—..

168 1375 271 1424 Addere
288 1373 455 1440 (sententiae,
473 1376 595 1425 codicillo
615 1378 710 1445 simm.)

168 1447 310 1495 Adulteria
330 1444 467 1510 (insertum
486 1464 501 1496 a
520 1447 637 1514 legente)

168 1519 275 1566 Aestiva
293 1517 400 1583 (castra)

167 1590 253 1652 Agger
270 1588 352 1655 (viae)

168 1661 211 1708 An
230 1659 349 1724 (dubium
368 1677 403 1709 an
421 1660 583 1726 affirmantis)

168 1732 307 1795 Appellere
328 1730 434 1797 (navem
456 1748 480 1770 =
503 1733 613 1796 dirigere
633 1732 672 1798 n.)

168 1803 291 1851 Attinere

168 1875 268 1922 Auctor
286 1881 408 1939 actorque

168 1946 226 1993 Ant
243 1944 308 2010 (non
326 1945 513 2011 emphaticam)

170 2016 268 2064 Chauci
286 2014 343 2082 (ubi
362 2017 504 2065 habitarint
524 2017 555 2065 Τ.
575 2016 750 2082 obliviscitur)

170 2087 308 2151 Complecti
325 2086 426 2153 (aruris)

170 2158 278 2207 Constat
297 2165 322 2207 et
340 2160 407 2207 satis
424 2165 526 2207 constat
543 2157 693 2225 (structura)

169 2230 351 2294 Consumptns,
369 2237 520 2294 corruptas,
538 2237 699 2294 contemptus
716 2229 848 2296 (confusa)

169 2301 308 2349 Discordia
327 2299 403 2366 (opp.
423 2298 499 2369 fides)

168 2373 265 2435 Fauor,
277 2372 374 2436 favere

168 2445 257 2492 Ferax
274 2441 424 2508 (scelerum)

168 2515 246 2563 Fides
263 2513 339 2580 (opp.
358 2514 500 2580 discordia)

168 2586 314 2650 Flagitium

167 2657 288 2706 Hiberna
305 2656 412 2722 (castra)

167 2729 264 2777 Hortis
282 2729 389 2777 inhians
407 2727 540 2792 (flosculus
558 2727 697 2793 oratorius)

168 2800 238 2849 Idem
258 2798 417 2866 („ironice'’)
436 2799 561 2865 positum)

168 2873 278 2920 Imitari
297 2872 443 2935 principem

168 2944 312 2991 Immensus

167 3015 324 3078 Inrumpere
341 3012 408 3079 (quo
426 3028 503 3062 sensu
523 3010 646 3076 ponatur)

167 3086 275 3149 Integra
293 3084 381 3149 (quies
400 3092 426 3133 et
441 3084 537 3150 simm.)

167 3157 291 3220 Intellego

168 3228 306 3276 Intendere
324 3226 365 3293 (=
388 3225 495 3290 augere)

167 3298 258 3347 Limen
280 3297 368 3363 (belli)

166 3369 251 3418 Limes
269 3368 351 3435 (viae)

166 3441 238 3489 Nam
257 3439 477 3507 (praeteritivum)

167 3513 265 3560 Paelex
377 3562 383 3573 ¹

166 3582 276 3647 Referre
294 3581 445 3648 (structura)

166 3656 308 3703 Remitterc
325 3653 401 3718 (opp.
420 3651 566 3717 intendere)

166 3726 294 3774 Resistcre

166 3797 227 3844 Sine
245 3797 321 3844 dnbio
339 3793 533 3860 (concedentis)

166 3868 276 3931 Speciem
296 3867 426 3916 amicitiae
444 3868 557 3914 retinere

166 3940 251 4003 Super
262 3938 407 4003 fortunam
428 3936 467 4001 (=
490 3938 608 3998 κρείττων
625 3939 671 3994 τῆς
688 3936 785 4002 τύχης)

166 4010 331 4074 Superlativi
350 4025 411 4057 usus
430 4008 537 4056 liberior

172 4082 270 4129 Tamen
289 4080 398 4146 (ilerde)

172 4154 198 4201 Τ
196 4153 290 4201 ralicre
306 4151 399 4218 (verba
417 4151 445 4197 in
464 4150 579 4199 deterius
598 4150 694 4215 simm.)

170 4224 255 4288 thue
272 4222 313 4289 (a
336 4230 413 4271 etue
432 4221 499 4287 non)

172 4295 285 4343 Vacuam
307 4309 390 4342 arcem
410 4292 510 4341 tradere

172 4365 277 4414 Vertere
294 4362 334 4430 (in
353 4363 476 4429 ludribia,
495 4364 522 4412 in
542 4362 679 4428 offensam)

665 4540 859 4551 -..-.-
