3292 5280
800 392 866 455 204

236 557 455 640 significavit:
489 578 566 620 uam
599 557 688 638 vulgi
717 557 806 620 illam
832 557 1029 638 opinionem
1055 555 1186 617 efficere
1212 563 1259 627 ut,
1284 554 1433 635 quoties-

236 697 370 758 cunque
407 686 557 739 cometes
588 678 631 738 sit
662 687 830 759 aspectus,
863 677 890 738 is
922 676 980 757 qui
1013 683 1094 737 tunc
1125 675 1306 756 imperium
1339 682 1435 736 tenet

237 818 341 859 unum
366 797 577 877 alterumque
603 798 711 859 virum
736 796 900 870 nobilem,
925 816 1026 877 quem
1052 814 1133 877 prae
1157 794 1279 856 ceteris
1304 795 1435 867 metuit,

236 918 280 979 de
302 918 415 978 medio
437 916 544 990 tollat,
565 925 687 999 sponte
708 916 917 998 intelligitur.
942 914 1010 979 Sed
1025 914 1301 977 observationem
1315 912 1436 975 Tacito

236 1037 467 1119 dignissimam
503 1037 663 1118 corrupit,
698 1038 755 1117 qui
793 1037 921 1119 primus
952 1035 1210 1097 annotationem
1241 1032 1375 1096 Neroni
1405 1034 1436 1096 in

236 1165 370 1219 textum
396 1159 535 1238 recepit.

279 1274 323 1337 A.
360 1275 456 1349 XVI,
497 1292 544 1357 17.
581 1273 721 1338 Serione
756 1275 933 1337 credamus
964 1274 1003 1336 iis
1034 1273 1229 1336 homiuibus
1262 1273 1435 1355 scripsisse

236 1394 403 1469 Tacitum,
440 1395 497 1475 qui
533 1395 703 1457 nescirent
738 1395 818 1477 quid
851 1403 940 1457 esset
965 1406 1222 1477 procuratorem
1254 1391 1350 1456 esse?
1385 1392 1435 1456 At

236 1516 401 1578 eiusmodi
437 1515 500 1576 sibi
536 1515 679 1577 lectores
715 1514 813 1577 finxit
848 1514 1100 1596 grammaticus,
1136 1514 1194 1595 qui
1229 1514 1273 1576 ad
1311 1514 1434 1576 verba:

240 1635 350 1715 „Mela
459 1635 690 1716 adquirendae
722 1635 887 1716 pecuniae
918 1634 1054 1697 brevius
1086 1634 1150 1696 iter
1181 1633 1347 1696 credebat
1376 1654 1434 1715 per

238 1753 514 1837 procurationes”
535 1756 730 1841 annotavit:
756 1754 1051 1833 „administrandis
1072 1753 1234 1836 principis
1255 1752 1435 1835 negotiis,‘'

237 1896 325 1956 quae
350 1876 454 1938 verba
479 1895 567 1938 nuuc
591 1876 780 1937 orationem
804 1873 980 1937 Taciteam
1007 1875 1239 1957 pessumdant.

282 1995 335 2056 Ex
361 1994 526 2058 Historiis
550 1994 633 2056 haec
659 1994 872 2076 potissimum
897 1992 1033 2076 profero
1057 1992 1233 2074 exempla:

282 2114 325 2176 H.
360 2115 384 2188 l,
419 2130 470 2194 23.
497 2115 548 2176 De
574 2113 720 2178 Othonis
744 2116 777 2177 in
804 2113 948 2177 Galbam
973 2113 1206 2176 coniuratione
1231 2111 1365 2194 perfida
1388 2114 1435 2175 sic

235 2255 368 2297 narrare
392 2234 531 2297 Tacitus
555 2235 691 2317 incipit:

283 2354 370 2434 „Sed
395 2355 530 2418 sceleris
554 2356 716 2436 cogitatio
740 2356 906 2418 incertum
927 2374 969 2416 an
992 2374 1130 2435 repens:
1152 2353 1265 2415 studia
1287 2352 1434 2415 militum

235 2475 301 2536 iam
326 2476 457 2556 pridem
482 2495 542 2557 spe
562 2476 783 2537 successionis
803 2483 861 2536 aut
883 2482 1002 2556 paratu
1023 2472 1180 2536 facinoris
1199 2470 1433 2546 affectaverat,

235 2594 268 2654 in
293 2594 423 2668 itinere,
449 2595 482 2656 in
508 2595 653 2676 agmine,
679 2595 711 2656 in
736 2594 942 2656 stationibus
968 2594 1233 2656 vetustissimum
1259 2613 1433 2674 quemque

236 2716 372 2777 nomine
394 2735 519 2777 vocans
539 2735 578 2777 ac
600 2715 762 2778 memoria
776 2715 960 2777 Neroniani
974 2715 1156 2777 comitatus
1168 2713 1435 2778 contubernales

234 2835 474 2917 appessandof’

280 2955 453 3018 Praeclare
474 2956 647 3018 enuntiata
667 2955 750 3018 haec
763 2965 857 3031 sunt3
872 2956 931 3017 sed
946 2956 988 3018 ad
1002 2955 1261 3019 vetustissimum
1274 2975 1434 3037 quemque

234 3075 412 3156 adscripsit
431 3075 551 3155 aliquis
570 3074 723 3148 militum,
744 3076 835 3156 quod
857 3095 945 3137 nunc
964 3076 997 3136 in
1017 3083 1113 3137 textu
1127 3074 1267 3156 legitur;
1284 3096 1434 3158 namque

234 3193 396 3256 hactenus
410 3214 452 3255 ne
473 3193 538 3256 hoc
559 3195 697 3274 quidem
718 3194 762 3255 ab
775 3193 843 3256 ullo
856 3194 1035 3256 doctorum
1049 3195 1197 3256 virorum
1210 3195 1432 3257 observatum

234 3314 378 3388 videtur,
403 3334 505 3394 quam
530 3314 614 3377 dura
639 3334 810 3395 quamque
835 3314 952 3395 inepta
975 3322 1064 3376 esset
1085 3313 1243 3395 repetitio
1265 3314 1298 3375 in
1321 3313 1432 3376 hisce:

237 3435 366 3511 „studia
390 3435 532 3497 militum
638 3434 902 3496 vetustissimum
927 3454 1097 3515 quemque
1122 3432 1299 3497 militum.”

280 3553 322 3614 H.
358 3554 382 3626 Ι,
410 3569 460 3633 52.
497 3552 586 3632 „Sub
612 3555 700 3635 ipsas
724 3554 905 3635 superioris
929 3554 1008 3616 anni
1033 3552 1196 3616 kalendas
1221 3553 1433 3616 Decembres

234 3672 342 3734 Aulus
376 3673 533 3735 Vitellius
555 3672 747 3735 inferiorem
773 3672 989 3735 Germaniam
1015 3673 1191 3754 ingressus,
1217 3672 1362 3736 hiberna
1386 3674 1431 3736 le-

233 3792 372 3872 gionum
397 3813 473 3854 cum
499 3813 578 3854 cura
597 3793 737 3854 adierat.
772 3792 910 3856 Redditi
933 3792 1102 3875 plerisque
1123 3793 1270 3868 ordines,
1291 3795 1432 3858 remissa

233 3912 429 3992 ignominia,
450 3911 627 3974 adlevatae
650 3921 760 3985 notae,
783 3912 878 3993 plura
899 3912 1097 3985 ambitione,
1110 3915 1280 3994 quaedam
1294 3914 1429 3988 iudicio,

232 4034 265 4094 in
292 4033 414 4113 quibus
438 4033 554 4095 sordes
575 4043 608 4094 et
630 4033 806 4094 avaritiam
829 4033 951 4096 Fontei
973 4032 1150 4115 Capitonis
1170 4033 1301 4114 integre
1323 4044 1429 4097 muta·

233 4150 360 4214 verat.''

410 4323 442 4369 ln
463 4337 562 4369 summo
583 4321 708 4384 placitura
728 4321 794 4384 Iovi,
817 4321 876 4384 quis
894 4320 979 4369 letifer
998 4336 1092 4386 annus,

410 4407 482 4456 Bella
501 4408 596 4472 quibus
616 4408 730 4472 populis,
749 4425 813 4472 quur
833 4416 935 4456 nrrrrrne
953 4415 1054 4472 sceptra
1073 4414 1189 4456 correctae.
