3292 5280
804 413 841 479 71

229 572 411 635 Messalina
447 571 643 635 facultatem
678 573 837 636 hebetem
870 575 1001 657 sibique
1033 577 1229 638 devinctum
1262 578 1420 641 maritum

226 712 430 775 quocunque
455 691 594 755 tandem
620 693 723 755 modo
747 693 952 775 alloquendi.

270 811 313 873 A.
347 810 426 886 XlI,
460 827 511 874 22.
549 811 760 894 „Agrippina
886 813 1015 876 Lolliae
1043 805 1173 877 infensa
1284 815 1421 878 molitur

223 933 365 996 crimina
390 941 425 995 et
448 941 753 995 accusatorem
775 934 865 995 exim
887 933 1046 998 Claudius
1066 935 1218 997 inaudita
1238 956 1294 998 rea
1315 936 1421 999 multa

222 1053 267 1115 de
299 1052 500 1116 claritudine
528 1054 598 1115 eius
621 1054 712 1135 apud
737 1062 892 1116 senatum
917 1053 1088 1136 praefatus
1189 1056 1322 1119 addidit
1347 1076 1420 1139 per·

224 1173 352 1236 niciosa
383 1174 417 1235 in
450 1172 694 1255 rempublicam
726 1173 866 1235 consilia
896 1182 931 1236 et
962 1175 1138 1236 materiem
1167 1174 1283 1237 sceleri
1310 1175 1421 1237 detra-

225 1292 392 1355 hendam:
417 1293 515 1374 proin
539 1291 720 1374 publicatis
744 1292 842 1355 bonis
865 1292 1002 1356 cederet
1027 1291 1156 1356 Italia”.

273 1411 338 1473 Hic
371 1411 452 1493 quid
480 1413 524 1474 sit
546 1412 678 1475 addidit
701 1412 759 1474 vix
783 1413 962 1493 quisquam
987 1412 1142 1475 dubitare
1167 1421 1297 1495 potest:
1323 1412 1420 1478 Clau-

227 1531 312 1604 dius,
345 1538 382 1592 ut
412 1529 522 1594 Lollia
553 1550 621 1594 non
653 1550 798 1613 poenam
833 1551 931 1613 passa
954 1531 1013 1594 sed
1039 1530 1254 1594 clementiam
1278 1541 1421 1616 experta

227 1650 408 1724 videretur,
445 1650 591 1732 primum
626 1651 670 1713 de
706 1651 884 1714 nobilitate
916 1652 987 1714 eius
1018 1651 1198 1733 praefatur,
1231 1652 1356 1715 deinde
1386 1655 1420 1716 iu

224 1771 383 1833 sententia
416 1770 553 1833 diceudo
583 1771 630 1833 sic
654 1772 811 1853 perrexit
841 1779 879 1832 ut
911 1770 1052 1833 crimina
1083 1771 1114 1832 ei
1146 1770 1319 1834 obiiceret.
1352 1770 1420 1836 Sed

224 1875 405 1951 videamus¹
436 1908 526 1950 nunc
562 1888 654 1971 quod
691 1888 787 1963 XVI,
827 1904 865 1971 17
901 1888 1039 1970 legitur:
1073 1889 1260 1970 (tamquam
1292 1890 1421 1952 Pisonis

225 2010 380 2072 conscius
403 2017 439 2071 et
462 2008 627 2071 Annaeus
651 2008 742 2071 Mela
765 2017 957 2084 accusatur;
983 2007 1040 2071 ille
1064 2009 1207 2090 auteml:

276 2149 382 2210 „quae
402 2136 475 2190 tum
496 2127 750 2210 promptissima
770 2127 888 2189 mortis
909 2127 973 2201 via,
995 2127 1142 2190 exsolvit
1157 2148 1270 2202 venas
1287 2128 1422 2210 scriptis

226 2246 400 2322 codicillis
425 2247 548 2329 quibus
572 2246 736 2329 grandem
763 2247 941 2328 pecuniam
966 2247 999 2310 in
1019 2246 1224 2329 Tigellinum
1245 2267 1422 2329 generum·

226 2387 293 2448 que
325 2368 396 2429 eius
428 2366 664 2430 Cossutianum
697 2364 901 2448 Capitonem
925 2366 1098 2447 erogabat,
1124 2386 1193 2447 quo
1216 2375 1329 2429 cetera
1353 2386 1421 2430 ma·

228 2495 357 2549 nerent.
389 2486 541 2548 Additur
563 2484 728 2548 codicillis
752 2493 926 2566 tamquam
951 2486 994 2549 de
1019 2485 1199 2568 iniquitate
1222 2486 1316 2548 exitii
1341 2506 1421 2567 que-

227 2616 304 2669 rens
335 2607 382 2670 ita
412 2607 607 2689 scripsisset,
639 2626 675 2668 se
707 2605 845 2687 quidem
878 2607 963 2668 mori
996 2604 1094 2669 nullis
1122 2604 1279 2688 supplicii
1303 2607 1421 2682 causis,

227 2725 381 2789 Rufrium
417 2734 530 2789 autem
566 2724 759 2807 Crispinum
794 2733 829 2788 et
863 2725 1024 2788 Anicium
1060 2724 1225 2788 Cerialem
1258 2717 1421 2788 vita'frui

226 2845 376 2909 infensos
400 2845 577 2929 principi”.

272 2963 328 3029 Sic
359 2965 479 3039 codex,
511 2973 546 3028 et
578 2973 719 3047 possunt
746 2964 830 3026 haec
858 2971 1031 3045 utcunque
1055 2963 1208 3046 intelligi,
1233 2964 1421 3052 dummodo

226 3085 262 3148 et
286 3094 365 3148 ante
389 3097 558 3167 tamquam
583 3083 617 3146 et
642 3092 719 3167 post
742 3084 930 3166 scripsisset
949 3083 1079 3165 virgula
1099 3091 1255 3165 ponatur.
1277 3081 1345 3147 Sed
1366 3084 1421 3146 vel

226 3206 274 3268 sic
306 3204 675 3288 plusquamperfectum
708 3204 895 3286 scripsisset
925 3203 982 3265 vix
1014 3201 1190 3265 ferendum
1218 3203 1362 3278 videtur,
1387 3211 1422 3266 et

227 3333 339 3387 totum
370 3324 451 3387 illud
483 3324 623 3387 additur
654 3335 823 3403 tamquam
855 3321 1041 3403 scripsisset
1068 3322 1166 3383 nimis
1190 3330 1346 3384 contorte
1370 3330 1422 3385 est

226 3445 451 3508 enuntiatum.
492 3443 584 3507 Nihil
625 3463 705 3506 vero
741 3442 931 3524 perversius
966 3459 1069 3522 quam
1104 3439 1206 3503 lectio
1240 3443 1421 3523 scripsisse,

227 3584 330 3645 quam
355 3563 507 3627 nonnulli
531 3563 688 3645 probant,
713 3560 819 3623 verbo
838 3561 977 3624 additur
998 3580 1072 3622 eam
1095 3560 1297 3642 praebentes
1317 3569 1422 3623 struc-

227 3693 349 3758 turam,
384 3682 495 3765 'quam
531 3683 664 3756 dicitur,
694 3682 818 3763 fertur
852 3680 962 3743 simm.
998 3678 1124 3742 habere
1159 3679 1279 3742 solent.
1318 3679 1422 3743 Miror

227 3802 388 3884 equidem
409 3803 589 3876 neminem,
610 3821 688 3863 cum
709 3801 751 3862 de
771 3799 929 3862 codicillis
947 3797 1074 3880 aliquid
1095 3798 1232 3880 legisset
1247 3807 1282 3861 et
1298 3798 1422 3861 deinde

228 3924 262 3985 in
297 3922 442 3985 addendi
471 3919 613 3983 verbum
647 3920 821 3992 incideret,
853 3919 894 3980 de
923 3918 1031 3981 altera
1063 3919 1285 3981 codicillorum
1311 3930 1423 4000 parte,

227 4061 331 4123 quam
346 4040 518 4103 addiderit
530 4038 631 4113 Mela,
645 4038 822 4119 cogitasse.
838 4033 904 4099 Sed
919 4036 1141 4117 excipiendus
1154 4037 1208 4099 hic
1221 4039 1423 4121 Draegerus,

227 4160 285 4242 qui
306 4167 417 4222 totum
438 4157 520 4221 illud
541 4169 710 4238 tamquam
731 4156 770 4219 de
790 4156 964 4235 iniquitate
982 4156 1078 4218 exitii
1095 4177 1233 4237 querens
1251 4159 1300 4222 ita
1320 4159 1424 4240 scrip·

227 4281 323 4342 sisset
349 4277 533 4341 delendum
562 4284 688 4350 censet,
718 4295 804 4356 quae
829 4274 1034 4348 coniectura,
1060 4277 1215 4357 quamvis
1239 4277 1321 4339 mihi
1346 4278 1424 4339 arri·

228 4399 318 4473 deat,
351 4397 453 4480 paulo
484 4405 599 4460 tamen
632 4394 812 4458 violentior
845 4393 989 4455 videtur.
1022 4393 1113 4476 Ergo
1146 4398 1325 4478 expunctis
1352 4405 1424 4460 tan-
