3210 5274
920 374 984 437 288

402 552 504 615 Nullo
518 554 622 615 modo
635 553 719 615 haec
733 553 934 616 cohaerent:
949 553 1156 636 confusaque
1169 562 1204 616 et
1217 553 1418 637 perturbata
1430 553 1549 616 omnia

357 672 425 737 Sed
457 675 556 736 adest
588 672 798 754 Leopoldius
831 694 935 749 meus,
957 674 1129 737 lenissima
1151 674 1420 757 transpositione
1443 673 1550 737 locum

355 813 496 856 sanans:

405 912 541 994 „Iudaei
568 919 683 974 mente
707 910 779 974 sola
803 932 975 995 unumque
1000 932 1125 975 numen
1145 910 1365 993 intellegunt;
1387 930 1552 975 summum

357 1030 439 1095 illud
471 1038 506 1093 et
537 1039 714 1093 aeternum
747 1050 857 1112 neque
888 1029 1055 1093 imitabile
1088 1050 1198 1113 neque
1223 1031 1457 1107 interiturum3
1483 1050 1552 1113 pro·

359 1151 466 1226 fanos,
491 1152 549 1233 qui
573 1152 676 1213 deum
700 1150 865 1232 imagines
890 1149 1090 1213 mortalibus
1114 1150 1264 1212 materiis
1286 1150 1321 1211 in
1345 1151 1480 1232 species
1500 1151 1553 1213 ho·

359 1273 488 1336 minum
513 1270 708 1354 effingant.”
1151 1258 1154 1263 ⁵

404 1391 462 1455 An
495 1390 581 1453 sorte
610 1400 722 1453 totum
746 1390 828 1453 illud
857 1389 1352 1470 „summum—interiturum”
1377 1389 1553 1454 Christiani

359 1512 506 1575 hominis
529 1520 581 1574 est
605 1508 804 1574 annotatio?

406 1750 450 1813 H.
477 1750 520 1824 V,
551 1766 599 1828 14.
624 1748 681 1811 Ad
706 1769 856 1831 pugnam
880 1756 973 1812 stant
994 1748 1103 1832 parati
1124 1747 1240 1814 Civilis
1259 1757 1295 1812 et
1315 1748 1466 1813 Cerealis
1484 1768 1554 1813 cum

360 1870 428 1933 suis
452 1869 575 1952 copiis:
1404 1835 1413 1845 i

410 1990 560 2069 „Neuter
584 1989 709 2052 ducum
733 1996 929 2064 cunctator;
955 1988 1014 2050 sed
1035 1989 1174 2052 arcebat
1194 1988 1340 2053 latitudo
1360 2010 1554 2074 camporum

363 2119 485 2191 suopte
522 2109 659 2190 ingenio
695 2109 901 2171 umentium:
935 2109 1115 2171 addiderat
1146 2106 1286 2191 (Civilis)
1319 2108 1496 2192 obliquam
1525 2110 1553 2172 in

364 2230 521 2294 Rhenum
556 2229 691 2304 molem,
716 2230 810 2292 cuius
834 2229 971 2292 obiectu
996 2228 1170 2292 revolutus
1192 2229 1302 2291 amnis
1324 2229 1555 2294 adiacentibus

363 2346 696 2432 superfunderetur.”

409 2469 588 2552 Perspicua
613 2468 697 2530 haec
721 2475 755 2529 et
780 2467 910 2550 optime
930 2467 1154 2531 decurrentia.
1176 2466 1244 2531 Sed
1265 2488 1368 2549 quam
1389 2467 1555 2551 languide·

363 2609 465 2673 quam
491 2586 663 2670 pueriliter
687 2606 777 2649 nunc
801 2587 848 2648 sic
873 2587 1043 2669 pergitur:

411 2729 470 2789 „ea
493 2708 558 2771 loci
583 2706 700 2781 forma,
725 2705 863 2768 incertis
887 2706 983 2768 vadis
1006 2704 1151 2768 subdola
1174 2714 1209 2769 et
1233 2707 1332 2769 nobis
1355 2705 1532 2770 adversa.”

409 2829 487 2891 Non
519 2826 590 2890 fero
622 2826 711 2888 istud
748 2845 807 2905 „ea
831 2824 895 2887 loci
920 2824 1060 2887 forma''.
1087 2823 1217 2906 Quodsi
1242 2846 1304 2908 pro
1327 2848 1366 2890 ea
1391 2827 1555 2910 legeretur

364 2968 392 3010 e.
419 2967 447 3009 c.
471 2967 551 3029 ergo
575 2955 610 3008 et
632 2943 761 3027 virgula
782 2952 859 3026 post
872 2945 995 3026 forma
1016 2944 1196 3020 deleretur,
1217 2945 1306 3009 bene
1326 2946 1421 3010 locus
1440 2949 1556 3011 cohae-

364 3075 462 3128 reret.
487 3065 682 3147 Sequuntur
707 3065 797 3126 enim
823 3072 900 3145 post
923 3064 1068 3127 adversa
1092 3065 1196 3127 etiam
1220 3065 1322 3128 haec:

414 3184 569 3267 „Quippe
603 3184 699 3246 miles
731 3184 906 3247 Romanus
937 3184 1039 3246 armis
1070 3185 1182 3266 gravis
1214 3193 1248 3246 et
1273 3186 1375 3247 nandi
1401 3187 1559 3268 pavidus;

367 3305 555 3369 Germanos
586 3303 781 3366 fluminibus
811 3312 926 3365 suetos
955 3302 1076 3365 levitas
1105 3322 1278 3365 armorum
1311 3312 1346 3366 et
1379 3306 1562 3386 proceritas

365 3446 548 3510 corporum
571 3423 730 3487 attollit.”

411 3665 456 3727 H.
479 3663 521 3738 V,
549 3663 596 3726 16.
608 3662 668 3725 'Et
692 3660 765 3723 aliis
785 3643 995 3742 argumentis
1013 3659 1161 3724 Cerealis
1181 3661 1306 3725 milites
1324 3670 1363 3725 ut
1383 3663 1478 3728 bono
1498 3665 1563 3727 sint

365 3784 480 3847 animo
504 3785 668 3846 admonet
691 3789 725 3843 et
749 3780 832 3842 hoc:

415 3903 614 3983 „Pauciores
650 3920 758 3982 nuper
792 3919 869 3961 cum
906 3898 1057 3980 pluribus
1088 3908 1235 3963 certasse
1268 3910 1302 3964 et
1333 3910 1450 3966 tamen
1474 3903 1564 3967 susos

368 4022 566 4096 Germanos,
593 4021 684 4102 quod
710 4018 841 4081 roboris
866 4017 982 4080 luerit:
1007 4039 1194 4100 superesse,
1220 4021 1278 4102 qui
1298 4020 1413 4103 sugam
1434 4023 1566 4097 animis,

367 4142 425 4224 qui
450 4141 589 4203 vulnera
613 4148 709 4220 tergo
734 4134 876 4200 serant.”

415 4259 545 4322 Lacera
568 4256 668 4333 haec;
695 4255 870 4319 vocabulis
886 4255 988 4336 fusos
1014 4253 1198 4321 Germanos
1222 4259 1255 4320 in
1280 4259 1475 4322 universum
1501 4261 1567 4322 vic·

369 4378 456 4439 toria
490 4378 732 4450 Romanorum,
761 4375 875 4460 clades
900 4375 1048 4435 hostium
1072 4377 1296 4458 significatum
1322 4387 1501 4460 praeterea
1523 4380 1567 4443 de
