3292 5280
801 348 860 395 122

232 507 371 582 Verum,
403 510 429 570 si
461 510 507 572 ita
538 530 649 573 resse
674 511 801 587 habuit,
828 514 1002 594 quomodo
1025 514 1116 595 apud
1141 514 1311 577 inclusum
1338 514 1427 578 illum

232 627 407 710 Segestem
429 628 575 692 Arminii
598 652 682 693 uxor
702 652 774 695 esse
796 634 943 714 potuerit
963 634 998 695 in
1019 633 1169 695 tenebris
1189 634 1285 697 latet.
1309 635 1427 715 Neque

232 749 296 811 hoc
329 749 438 812 minus
470 750 651 813 obscurum
677 753 734 833 qui
759 772 870 814 sermo
894 752 949 814 hic
974 772 1047 814 esse
1071 752 1178 834 possit
1202 752 1247 814 de
1272 753 1430 817 deditione

233 871 272 950 (c.
301 884 339 951 57
365 869 405 931 f:
443 871 518 951 „qui
551 878 622 932 tum
656 872 689 933 in
722 872 933 934 deditionem
964 871 1171 934 veniebant”
1203 880 1239 934 et
1264 892 1295 933 c.
1322 889 1364 954 59
1387 873 1429 937 in.

236 989 344 1068 „fama
369 989 475 1052 dediti
498 990 715 1071 benigneque
736 991 871 1073 excepti
893 990 1086 1073 Segestis’').
1101 991 1260 1073 Denique
1274 991 1429 1074 Segestes

233 1128 301 1170 non
334 1107 536 1171 beneficium
568 1129 588 1171 a
622 1108 784 1172 Romanis
815 1118 995 1192 acceptum
1022 1111 1187 1193 agnoscit,
1212 1131 1282 1173 non
1307 1113 1427 1194 gratias

233 1226 272 1288 iis
291 1228 360 1308 agit
381 1229 473 1309 quod
495 1249 538 1290 ex
558 1229 672 1310 aliquo
692 1230 734 1291 sit
753 1249 887 1293 carcere
900 1230 1071 1304 liberatus,
1084 1231 1144 1293 sed
1157 1250 1193 1293 se
1206 1232 1251 1294 de
1266 1231 1425 1294 Romanis

234 1348 368 1429 egregie
400 1349 557 1410 meritum
589 1348 753 1430 gloriatur
776 1350 827 1412 his
851 1350 964 1413 verbis
987 1351 1027 1432 (c.
1055 1351 1125 1432 58l:
1154 1370 1243 1430 ,non
1269 1352 1324 1413 hic
1349 1351 1423 1414 mihi

234 1467 360 1548 primus
384 1487 463 1548 erga
487 1468 677 1530 Romanum
699 1468 777 1531 fidei
799 1477 833 1531 et
854 1469 1066 1532 constantiae
1086 1469 1191 1532 dies''.
1205 1468 1299 1551 Quid
1313 1490 1425 1533 revera

234 1588 384 1650 evenerit
409 1608 476 1651 non
502 1608 587 1670 opus
611 1597 662 1650 est
686 1597 722 1651 ut
747 1590 805 1652 diu
829 1610 1047 1672 quaeramus:
1073 1590 1251 1653 Romanus
1275 1591 1424 1672 scriptor,

236 1713 273 1768 ut
296 1706 367 1769 fieri
392 1707 488 1782 solet,
513 1708 741 1790 turpissimam
766 1730 836 1771 rem
860 1710 1022 1792 speciosis
1042 1708 1185 1772 involvit
1206 1710 1331 1772 verbis.
1354 1710 1425 1772 Non

236 1834 372 1908 ereptus
397 1835 447 1889 est
472 1826 630 1909 Segestes
654 1849 672 1890 e
696 1831 861 1910 custodia,
887 1849 989 1911 quam
1014 1830 1044 1892 ei
1068 1830 1344 1892 circumdederat
1368 1829 1426 1892 Ar-

237 1945 373 2019 minius,
418 1948 476 2008 sed
521 1946 662 2010 absente
702 1947 1005 2030 Arminioneque
1040 1949 1229 2030 quidquam
1266 1948 1426 2013 eiusmodi

235 2074 419 2141 metuente,
455 2066 612 2148 Segestes
647 2069 777 2149 patriae
813 2088 948 2131 causam
985 2067 1097 2130 valido
1129 2075 1234 2148 atque
1267 2068 1425 2150 opulento

236 2187 362 2266 raptori
388 2187 515 2269 prodit,
548 2195 650 2268 atque
683 2207 822 2250 uxorem
855 2187 1000 2250 Arminii
1033 2207 1109 2250 cum
1143 2186 1317 2249 fidissimis
1344 2186 1424 2249 illius

234 2305 414 2368 comitibus
450 2306 483 2367 in
519 2307 755 2388 captivitatem
789 2307 893 2369 tradit
925 2305 1138 2380 Germanico,
1172 2306 1224 2368 cui
1263 2306 1422 2389 „pretium

234 2423 296 2485 fuit
320 2432 518 2486 convertere
542 2425 688 2507 agmen’'
712 2435 748 2488 ut
772 2435 887 2489 tantae
913 2425 1132 2508 turpitudinis
1156 2424 1421 2487 emolumentum

235 2543 386 2605 haberet.
408 2543 457 2605 At
470 2544 608 2608 Tacitus
620 2547 786 2610 eiusmodi
799 2547 926 2629 flagitia
938 2546 1078 2629 pulchra
1089 2554 1235 2609 exornat
1248 2547 1362 2628 specie
1375 2594 1383 2608 .
1396 2594 1403 2608 .
1416 2592 1423 2606 .

236 2663 423 2726 dummodo
456 2665 522 2727 sint
546 2668 725 2730 commissa
748 2688 768 2730 a
792 2667 1005 2742 Germanic0,
1030 2687 1098 2748 quo
1123 2667 1296 2729 neminem
1322 2666 1423 2748 magis

234 2781 338 2845 habet
362 2785 395 2846 in
420 2785 558 2848 deliciis.
584 2786 705 2849 Tacito
728 2795 866 2850 auctore
891 2807 1001 2869 neque
1026 2787 1169 2869 turpiter
1192 2806 1306 2867 neque
1327 2785 1422 2849 stulte

233 2923 333 2984 agere
366 2903 586 2968 Germanicus
618 2909 738 2987 potuit.
772 2907 824 2969 En
858 2907 939 2988 quid
971 2907 1014 2968 sit
1045 2907 1135 2986 ,sine
1159 2907 1208 2969 ira
1233 2914 1267 2968 et
1292 2902 1423 2968 studio’'

235 3021 408 3084 historiam
434 3025 590 3087 scribere.

280 3143 441 3205 Eiusdem
474 3143 665 3207 Germanici
698 3145 906 3227 praeclarum
936 3145 1065 3207 scilicet
1095 3142 1274 3206 consilium
1304 3152 1339 3206 et
1362 3142 1422 3205 cal·

233 3260 339 3323 lidum
364 3262 539 3325 inventum
564 3264 765 3328 describitur
789 3265 832 3339 II,
859 3278 886 3344 5.
909 3263 957 3328 Ut
978 3284 1088 3345 neque
1109 3261 1219 3344 longis
1240 3263 1422 3334 itineribus

234 3403 320 3464 quae
347 3382 519 3445 Romanos
545 3382 667 3445 milites
691 3383 947 3457 exhauriebant,
971 3391 1005 3445 et
1024 3383 1096 3445 sine
1117 3401 1241 3463 magna
1260 3400 1422 3463 equorum

234 3503 342 3584 copia,
371 3503 493 3584 quibus
519 3504 746 3565 ministrandis
770 3504 836 3566 iam
860 3503 966 3566 fessae
990 3510 1087 3565 erant
1110 3500 1251 3575 Galliae,
1275 3500 1424 3583 legiones

234 3644 336 3704 quam
368 3624 541 3686 celerrime
566 3624 598 3686 in
625 3624 771 3686 mediam
798 3624 927 3705 possint
952 3622 1090 3704 perduci
1114 3621 1345 3695 Germaniam,
1370 3639 1423 3681 na-

235 3745 332 3807 vibus
364 3766 420 3807 eas
451 3766 510 3826 per
543 3764 634 3807 mare
665 3744 707 3806 ad
741 3743 916 3806 fluminum
949 3762 1008 3804 ora
1037 3740 1161 3803 vehere
1190 3740 1355 3815 decrevit,
1379 3739 1424 3800 sic

237 3867 424 3946 ,integrum
456 3865 606 3947 equitem
631 3883 803 3945 equosque
827 3882 908 3923 mox
932 3861 1044 3923 media
1067 3860 1101 3922 in
1126 3858 1311 3922 Germania
1335 3856 1424 3920 fore”

234 3994 335 4048 ratus.
368 3984 478 4066 Quam
512 3987 631 4047 misere
663 4005 739 4047 eum
772 4003 849 4065 spes
877 3981 1032 4044 fefellerit
1055 4000 1097 4043 ne
1121 3978 1262 4042 Tacitus
1286 3978 1424 4059 quidem

233 4106 343 4168 celare
368 4115 491 4188 potest.
517 4105 568 4167 De
593 4105 667 4186 ipso
691 4102 831 4166 consilio
852 4103 1027 4164 videamus
1047 4097 1311 4178 Germanicique
1331 4097 1365 4158 in
1385 4115 1426 4158 eo

233 4226 429 4307 peragendo
450 4224 639 4306 prudentia.
663 4222 755 4285 Mille
775 4241 878 4284 naves
899 4222 941 4284 ad
962 4240 1037 4282 eam
1057 4238 1129 4281 rem
1149 4216 1301 4280 construi
1322 4215 1425 4288 iubet,

234 4365 375 4426 quarum
408 4353 503 4406 erant
539 4344 669 4425 ,plures
699 4342 864 4425 adpositis
891 4341 1061 4422 utrimque
1084 4335 1325 4420 gubernaculis
1347 4354 1426 4397 con·
