3292 5280
797 409 857 476 127

271 571 373 655 Quod
407 580 553 655 ,quanto
579 573 718 636 ditiores
743 581 839 635 tanto
864 571 1091 636 imbelliores”
1115 574 1274 636 dicuntur
1298 574 1422 648 Aedui,

226 691 329 756 Silius
359 702 411 756 est
442 693 499 775 qui
531 692 578 755 sic
611 692 734 755 milites
764 694 896 767 edocet,
929 713 996 755 non
1028 694 1076 755 ita
1105 694 1345 757 ratiocinantes
1369 692 1423 756 vel

226 814 458 876 ratiocinaturi
480 813 652 895 linguntur
671 812 804 875 milites.
824 813 916 894 Ergo
935 813 1186 894 perversissima
1200 822 1251 876 est
1265 814 1421 877 Pfitzneri

226 935 424 997 coniectura
446 955 513 997 esse
536 942 614 1015 post
633 933 776 996 imbelles
796 934 984 1007 inserentis
1005 954 1106 1014 quam
1128 941 1241 996 tamen
1264 935 1422 1016 probavit

227 1052 480 1135 Nipperdeyus.
503 1053 697 1126 Monentur,
718 1061 755 1115 ut
776 1052 907 1134 opinor,
928 1051 1052 1115 milites
1073 1061 1109 1115 ut
1129 1054 1163 1115 id
1185 1052 1309 1116 faciant
1329 1056 1421 1136 quod

228 1171 373 1234 militum
398 1179 459 1245 est,
484 1172 556 1234 sive
579 1173 724 1235 euincere
746 1171 801 1233 hic
826 1171 894 1234 fere
917 1172 1106 1235 devincendi
1128 1174 1196 1235 vim
1217 1173 1330 1249 habet,
1351 1175 1422 1237 sive

227 1299 407 1373 corruptus
438 1291 532 1354 locus
563 1299 614 1354 est
641 1300 675 1353 et
699 1290 837 1353 Tacitus
862 1290 980 1355 Silium
1004 1292 1137 1354 induxit
1162 1292 1325 1355 militibus
1349 1314 1421 1356 nar·

228 1419 361 1474 rantem
393 1431 481 1492 quae
508 1420 597 1473 esset
624 1411 715 1473 unice
740 1432 822 1473 uera
846 1412 935 1474 ratio
958 1411 1111 1474 hostibus
1136 1420 1205 1475 tam
1230 1413 1422 1476 imbellibus

229 1531 358 1593 utendi.
380 1528 448 1593 Sed
462 1530 674 1613 fugientibus
692 1530 846 1593 consulite
865 1532 999 1612 egregie
1019 1531 1147 1593 dictum
1168 1532 1313 1608 videtur,
1333 1553 1422 1595 sum·

230 1670 305 1712 mus
336 1651 423 1712 inest
455 1650 488 1712 in
519 1649 583 1713 illis
607 1649 780 1713 vocabulis
804 1658 1032 1731 contemptus
1056 1651 1083 1712 si
1108 1651 1173 1713 hoc
1198 1652 1280 1715 dicit
1305 1651 1423 1716 Silius:

232 1789 330 1849 ,cum
362 1769 592 1852 pugnantibus
625 1789 692 1832 non
724 1769 786 1831 erit
818 1769 915 1831 vobis
946 1790 1014 1846 res;
1047 1778 1162 1833 curate
1188 1772 1291 1834 modo
1315 1782 1351 1833 ut
1376 1771 1423 1834 fu·

228 1889 362 1971 gientes
386 1888 535 1951 habeant
558 1886 707 1970 fugiendi
732 1888 889 1969 spatium,
915 1888 1020 1951 nolite
1045 1909 1103 1951 eos
1127 1890 1195 1952 ullo
1220 1893 1323 1954 modo
1348 1894 1425 1955 reti·

230 2028 321 2082 nere,
347 2009 506 2071 videbitis
529 2028 631 2089 quam
657 2007 819 2071 velociter
842 2008 1009 2083 currant”,
1034 2030 1121 2090 quae
1145 2018 1196 2072 est
1219 2012 1328 2073 oratio
1352 2013 1424 2074 viro

231 2128 367 2190 militari
397 2128 581 2209 aptissima.
608 2128 653 2190 Et
677 2128 770 2208 quod
794 2147 858 2209 ego
883 2136 967 2209 puto
991 2149 1010 2190 a
1035 2126 1117 2191 Silio
1142 2128 1196 2191 hic
1221 2131 1327 2193 iussos
1351 2152 1423 2194 esse

231 2247 366 2322 militeS,
391 2248 424 2311 id
449 2267 567 2310 revera
590 2247 707 2309 fecisse
733 2247 899 2321 videntur,
925 2248 1065 2310 caedem
1090 2250 1180 2311 enim
1206 2250 1329 2313 factam
1355 2272 1423 2314 non

228 2368 397 2441 audimus,
421 2387 508 2447 quae
532 2366 622 2429 haud
644 2366 746 2429 dubie
767 2366 856 2429 facta
876 2375 974 2440 esset,
995 2368 1022 2428 si
1043 2388 1119 2430 cum
1141 2377 1211 2431 tam
1232 2369 1423 2433 imbellibus

230 2488 386 2550 hostibus
417 2488 665 2549 conseruissent
697 2507 833 2549 manum
866 2487 1036 2550 fortissimi
1066 2489 1307 2553 Romanorum.
1334 2492 1425 2573 Ergo

230 2627 300 2669 non
320 2614 462 2688 possunt
483 2626 550 2668 non
570 2607 829 2669 admirationem
850 2608 1022 2687 quandam
1043 2607 1127 2671 haec
1149 2630 1286 2672 movere
1306 2612 1425 2674 verba:

234 2734 287 2805 ,et
309 2725 523 2789 circumfudit
543 2745 657 2807 equeS,
679 2725 893 2809 frontemque
913 2728 1046 2808 pedites
1067 2728 1229 2805 invasere,
1247 2750 1309 2792 nec
1326 2751 1425 2794 cunc·

229 2854 341 2909 tatum
354 2845 391 2927 (i)
414 2848 505 2928 apud
529 2845 667 2909 latera’'.
693 2846 782 2909 Nam
806 2847 918 2910 hercle
945 2867 1012 2909 non
1033 2849 1204 2913 consulunt
1214 2852 1427 2934 fugientibus

229 2968 288 3048 qui
320 2967 436 3029 hostes
464 2966 508 3029 ab
531 2968 624 3029 omni
648 2975 744 3049 parte
770 2967 959 3030 includunt:
984 2968 1042 3030 ubi
1067 2968 1130 3031 hoc
1156 2970 1307 3052 legimus,
1332 2975 1426 3054 sequi

229 3088 318 3151 solet
343 3096 380 3151 ut
404 3088 519 3150 hostes
543 3088 659 3169 paucis
683 3086 807 3149 relictis
832 3089 1052 3151 trucidentur.

276 3207 321 3270 A.
347 3207 390 3281 V,
422 3224 468 3271 ιο.
501 3207 635 3290 Operae
667 3207 812 3288 pretium
840 3214 891 3268 est
915 3207 1095 3270 observare
1121 3229 1222 3291 quarn
1247 3230 1428 3292 suspensos

230 3348 294 3391 nos
328 3327 529 3408 relinquant,
567 3347 669 3408 quam
704 3328 771 3388 sint
807 3325 1035 3409 imperfectae,
1069 3348 1187 3391 omnes
1219 3333 1428 3393 narrationes

229 3447 393 3510 Taciteae
418 3448 461 3509 de
485 3446 679 3508 hominibus
700 3446 832 3528 ignotis,
855 3447 912 3527 qui
933 3447 996 3509 sibi
1018 3467 1141 3510 nomen
1163 3450 1346 3512 indiderint
1367 3452 1427 3513 viri

228 3567 372 3631 alicuius
395 3566 527 3640 nobilis,
552 3567 609 3648 qui
634 3566 761 3628 dudum
788 3573 940 3627 mortuus
964 3574 1015 3628 est
1038 3576 1141 3647 atque
1166 3589 1205 3629 ea
1229 3568 1345 3630 fraude
1368 3569 1427 3632 ali·
1537 3594 1541 3599 ·

229 3688 430 3770 quantisper
454 3686 600 3749 ludibrio
620 3685 800 3748 habuerint
820 3685 944 3748 multos
965 3686 1133 3749 mortales.
1155 3685 1223 3750 Sed
1245 3688 1336 3751 nulla
1353 3697 1426 3751 tan-

227 3818 350 3889 topere
375 3806 440 3870 hoc
463 3807 600 3869 nomine
625 3806 906 3888 reprehendenda
927 3826 1029 3886 quam
1054 3826 1141 3886 quae
1165 3806 1219 3869 hic
1240 3807 1361 3890 legitur
1382 3810 1425 3871 de

228 3926 501 4011 pseudo-Druso,
544 3926 620 4007 „qui
660 3927 725 3988 iam
763 3925 946 3986 iuventutis
981 3945 1145 3988 concursu
1182 3927 1247 3988 iam
1283 3928 1426 4010 publicis

226 4048 351 4110 studiis
375 4045 653 4131 frequentabatur
776 4064 853 4107 cum
877 4044 1031 4106 auditum
1050 4044 1083 4106 id
1105 4044 1266 4128 Poppaeo
1287 4045 1425 4122 Sabino,

229 4166 457 4231 Macedoniae
491 4167 579 4228 curis
614 4163 778 4227 intento’'.
814 4162 1008 4244 Sequuntur
1041 4162 1145 4225 multa
1178 4165 1220 4227 de
1252 4164 1426 4228 celerrima

226 4287 379 4369 quadam
405 4285 555 4368 Poppaei
579 4285 704 4347 circum
730 4282 907 4345 Graeciam
932 4282 1147 4363 navigatione
1169 4284 1280 4365 deque
1301 4285 1371 4347 eius
1392 4285 1425 4348 in

226 4405 402 4471 coloniam
428 4404 621 4488 Nicopolim
645 4405 814 4466 adventu:
