3210 5274
745 383 784 449 52

163 543 281 619 Pallas,
309 544 509 608 Messalinae
533 547 675 610 exitium
699 555 879 622 struentes,
900 547 1080 610 Claudium
1101 547 1359 619 narrationibus,

162 684 246 745 quas
277 665 340 747 ipsi
373 665 543 729 finxerunt
574 668 617 729 de
650 665 722 731 Silii
754 668 890 749 nuptiis,
922 675 1052 730 terrent
1083 675 1118 729 et
1150 667 1359 749 perturbant.

165 785 379 866 Egregieque
403 787 442 848 iis
466 807 519 849 res
542 789 706 863 succedit,
732 808 897 869 namque:

210 904 319 984 ,Satis
350 915 484 968 constat
508 926 550 968 eo
574 926 700 988 pavore
726 906 870 969 offusum
895 906 1084 979 Claudium,
1109 913 1147 967 ut
1173 905 1360 967 identidem

161 1025 395 1105 interrogaret,
417 1045 460 1087 an
482 1026 553 1106 ipse
575 1025 707 1106 imperii
729 1033 863 1106 potenS,
883 1044 926 1087 an
948 1023 1049 1087 Silius
1070 1024 1226 1104 privatus
1242 1022 1361 1086 esset’'.

205 1141 254 1204 Cf.
281 1141 373 1205 Suet.
399 1163 427 1204 c.
456 1160 515 1225 37:
544 1153 697 1223 „essetne
722 1143 786 1206 sibi
810 1143 942 1205 salvum
967 1141 1183 1224 imperium”.

208 1259 309 1322 Haud
334 1261 437 1323 dubie
461 1262 584 1324 eodem
610 1263 698 1324 redit
722 1262 815 1343 quod
840 1261 980 1324 Tacitus
1002 1269 1038 1323 et
1062 1261 1155 1342 quod
1179 1259 1361 1325 Suetonius

161 1378 334 1442 dicentem
370 1379 450 1441 facit
486 1380 675 1456 Claudium,
712 1382 772 1443 sed
805 1380 920 1455 verba,
951 1379 1074 1461 quibus
1107 1379 1191 1442 illud
1224 1379 1362 1442 Tacitus

158 1499 323 1572 enuntiat,
350 1499 475 1561 insoliti
500 1499 628 1581 aliquid
656 1499 784 1561 habent
809 1507 854 1574 et,
879 1507 916 1561 ut
941 1497 1022 1560 mihi
1048 1498 1191 1579 quidem
1216 1499 1362 1572 videtur,

163 1618 287 1698 inepti;
313 1637 390 1680 cum
415 1638 455 1680 ea
479 1618 566 1700 lego,
591 1638 727 1700 semper
748 1618 829 1681 mihi
850 1618 998 1699 suspicio
1019 1618 1167 1679 nascitur
1189 1619 1232 1679 de
1253 1618 1364 1680 indus·

162 1737 227 1797 tria
262 1737 309 1797 sic
345 1737 517 1819 scripsisse
553 1737 711 1799 Taciturn
748 1747 784 1800 ut
820 1737 918 1799 nobis
954 1736 1156 1817 depingeret
1190 1735 1364 1798 hominem

169 1856 308 1917 omnino
334 1855 493 1917 hebetem
518 1856 729 1937 obtusaeque
755 1857 888 1930 mentis,
912 1866 986 1917 tum
1009 1874 1091 1917 vero
1116 1874 1244 1937 pavore
1267 1855 1365 1937 plane

169 1982 411 2036 exsternatum.
437 1975 592 2037 Donatus
611 1975 733 2056 aliquis
752 1976 779 2037 si
800 1975 855 2037 hic
875 1982 1088 2037 annotasset:
1114 1975 1212 2053 ,vide
1232 1971 1364 2049 μίμησιν

167 2112 243 2154 cum
268 2093 348 2156 odio
373 2094 547 2156 inductam
572 2103 606 2156 et
627 2096 850 2175 depravatam
872 2091 1184 2174 pronuntiatione”,
1205 2094 1363 2174 equidem

168 2233 235 2275 non
261 2214 464 2295 obloquerer
488 2217 532 2296 (v.
556 2216 600 2277 ad
625 2215 712 2277 Eun.
738 2235 785 2276 vs.
815 2228 872 2294 155
888 2214 987 2296 sqq.).

213 2332 279 2396 Sed
313 2333 378 2395 hoc
410 2343 540 2396 certum
573 2343 624 2396 est
656 2333 814 2396 Tacitum
845 2333 1017 2395 interdum
1042 2332 1123 2394 illud
1148 2334 1362 2395 committere

167 2452 329 2534 populare
350 2452 512 2534 loquendi
533 2455 653 2516 vitium
673 2473 742 2535 quo
763 2455 850 2515 duae
871 2471 934 2526 res,
955 2460 1122 2533 cognatae
1143 2453 1285 2532 quidem
1304 2451 1360 2513 sed

166 2574 329 2647 diversae,
349 2573 430 2635 dum
443 2592 478 2634 se
492 2573 590 2634 simul
604 2572 775 2653 loquentis
788 2572 894 2634 menti
907 2570 1064 2645 offerunt,
1076 2569 1176 2632 simul
1189 2571 1361 2652 proferun-

166 2699 220 2752 tur
237 2700 270 2752 et
289 2692 323 2753 in
338 2711 440 2753 unum
454 2691 713 2767 contrahuntur,
724 2712 793 2773 quo
806 2691 896 2753 facto
909 2710 1012 2771 saepe
1025 2690 1174 2753 contorti
1187 2689 1316 2772 aliquid
1330 2697 1361 2751 et

167 2811 314 2873 intricati
347 2811 504 2872 nascitur.
538 2811 638 2874 Dabo
662 2811 755 2874 locos
781 2811 928 2873 maxime
953 2809 1018 2872 hoc
1042 2809 1181 2872 nomine
1207 2809 1361 2891 insignes.

212 2929 255 2991 H.
281 2930 341 3005 lV,
369 2933 420 3011 38.
454 2928 563 2994 Solito
595 2931 721 2993 diutius
750 2951 862 3006 naves,
888 2949 975 3011 quae
1000 2929 1208 2992 frumentum
1234 2928 1362 2991 Africa·

166 3070 245 3111 num
270 3049 455 3125 advehunt,
482 3059 655 3113 morantur
664 3077 672 3125 ;
698 3051 841 3131 pavidus
867 3050 988 3112 haere
1014 3048 1161 3131 populus
1186 3049 1270 3111 nihil
1295 3067 1359 3110 non

165 3168 261 3248 fingit
287 3169 474 3250 creditque,
499 3177 703 3251 sparguntur
728 3189 880 3232 rumores
903 3169 994 3250 pleni
1019 3170 1167 3243 terroris,

212 3289 433 3368 „augentibus
466 3288 590 3350 sarnam
617 3288 818 3363 Vitellianis,
848 3289 905 3370 qui
930 3288 1080 3351 studium
1105 3289 1255 3369 partium
1280 3307 1359 3350 non·

164 3407 245 3467 dum
266 3415 459 3488 posuerant,
481 3427 524 3469 ne
544 3408 729 3470 victoribus
748 3408 887 3488 quidem
908 3408 1042 3488 ingrato
1055 3426 1200 3481 rumore,
1215 3425 1358 3487 quorum

161 3524 366 3604 cupiditates
391 3525 541 3587 externis
565 3545 702 3608 quoque
728 3526 825 3588 bellis
849 3525 1073 3608 inexplebiles
1097 3525 1189 3588 nulla
1210 3544 1357 3607 unquam

162 3643 270 3705 civilis
295 3644 438 3705 victoria
462 3644 632 3707 satiavit'’.

208 3762 304 3823 Duae
325 3761 378 3824 hic
398 3772 476 3825 sunt
497 3764 757 3845 distinguendae
777 3766 978 3839 sententiae,
1001 3784 1088 3846 quae
1109 3784 1199 3826 nunc
1220 3765 1268 3827 ita
1284 3773 1359 3827 sunt

163 3881 352 3960 permixtae
386 3889 421 3942 ut
453 3884 600 3962 separari
634 3892 821 3964 nequeant:
854 3904 885 3944 a.
911 3884 944 3944 in
969 3881 1060 3944 bello
1084 3882 1184 3956 civili,
1210 3883 1268 3964 qui
1293 3884 1359 3945 vic·

163 4007 253 4060 tores
284 3999 443 4072 existunt,
477 4021 651 4081 nunquam
687 4001 800 4063 satiari
833 4010 992 4082 possunt;
1027 4002 1055 4063 b.
1087 4003 1288 4083 praesertim
1316 4002 1358 4064 de

160 4117 331 4179 Flavianis
371 4118 452 4180 illud
490 4120 580 4181 valet
613 4120 791 4182 militibus:
825 4119 870 4180 illi
903 4120 994 4182 enirn
1025 4120 1176 4182 externis
1208 4119 1306 4182 bellis
1340 4139 1359 4181 a

163 4236 322 4297 Muciano
347 4244 380 4297 et
402 4235 556 4300 Antonio
578 4239 690 4301 Primo
711 4238 858 4320 praedae
879 4237 1057 4300 assuefacti
1079 4238 1146 4300 iam
1167 4238 1359 4301 didicerunt

160 4352 256 4433 plura
279 4372 417 4434 semper
443 4362 477 4415 et
502 4357 629 4419 maiora
654 4377 804 4437 poscere.
