3210 5274
640 397 705 480 289
792 414 798 426 ·

73 579 184 643 altera
219 585 351 640 tantum
387 577 508 640 horum
536 588 639 661 parte
673 576 800 658 aliquid
835 578 982 654 additur,
1015 581 1154 662 ignavos
1187 581 1265 665 suga

72 698 217 762 salutem
242 697 434 780 quaesiisse,
464 697 652 760 sedetiam
677 697 719 760 de
743 697 849 798 altera
873 707 980 780 parte,
1005 700 1047 763 de
1072 699 1265 763 fortioribus

73 821 161 882 inter
191 818 389 892 Germanos,
420 817 588 879 edocendi
619 837 743 879 sumus.
780 817 992 881 Habebimus
1022 819 1097 894 hoc,
1127 821 1154 882 si
1186 830 1265 903 post

76 938 260 1001 Germanos
290 937 425 1020 plenam
458 936 712 998 distinctionem
744 937 962 1018 posuerimus,
996 947 1031 1000 et
1055 947 1132 1021 post
1149 939 1265 1022 fuerit

72 1059 310 1121 inseruerimus
333 1057 483 1120 cecidisse
506 1055 651 1118 aliumve
675 1055 879 1119 infinitivum
904 1057 936 1119 in
962 1058 1105 1120 eandem
1130 1067 1265 1122 senten·

73 1179 173 1242 tiam:
197 1186 232 1240 et
248 1185 363 1239 tamen
384 1174 474 1238 susos
493 1175 696 1239 Germanos:
717 1176 808 1257 quod
830 1176 961 1238 roboris
981 1176 1090 1252 fuerit,
1104 1179 1263 1254 cecidisse,

72 1317 247 1381 superesse
278 1297 335 1379 qui
368 1317 397 1359 e.
418 1316 451 1377 q.
471 1292 519 1357 s.'’
556 1295 608 1358 En
642 1294 840 1357 brevissimo
873 1296 984 1377 spatio
1008 1297 1072 1359 tria
1096 1297 1264 1361 vocabula

72 1420 213 1482 omissa:
247 1438 324 1480 nam
357 1415 565 1499 paenultima
597 1415 742 1497 proximi
767 1415 887 1496 capitis
911 1415 1000 1478 linea
1025 1416 1093 1479 iure
1119 1416 1264 1500 Nipper-

72 1540 169 1602 deius
185 1536 392 1621 properabat
414 1536 558 1611 addidit,
580 1536 730 1616 itemque
750 1535 858 1597 tribus
878 1544 957 1597 ante
978 1544 1129 1599 nostrum
1150 1537 1261 1600 locum

72 1657 168 1720 lineis
192 1657 403 1720 memorabat.

117 1778 185 1843 Ubi
211 1777 346 1840 dicendi
372 1776 474 1838 finem
499 1773 578 1837 fecit
602 1773 767 1837 Cerealis:

120 1898 280 1980 „alacrior
304 1895 455 1958 omnium
479 1891 640 1955 clamor.”

117 2018 237 2081 Nullus
260 2017 314 2079 hic
338 2014 572 2097 comparativo
596 2013 699 2075 locus.
721 2011 922 2075 Rectissime
944 2012 1171 2095 Nipperdeius
1190 2015 1228 2077 al
1249 2049 1262 2063 ·

71 2139 140 2202 cris
162 2138 325 2200 restituit:
351 2136 599 2218 suprascriptae
619 2132 736 2196 literae
759 2153 798 2195 er
822 2132 882 2196 has
906 2134 1022 2197 turbas
1045 2136 1223 2199 dederunt.
