3292 5280
797 360 840 406 20

217 542 385 584 venenum
411 521 576 584 eiusmodi
603 531 637 585 ut
662 524 719 605 qui
744 543 785 585 eo
810 531 948 585 necatus
972 529 1060 583 esset
1082 520 1172 583 nulla
1192 522 1315 583 veneni
1337 542 1420 604 pro-

218 641 313 703 deret
348 641 461 722 signa;
497 641 592 722 atqui
629 640 820 705 Germanici
856 660 992 723 quoque
1022 659 1145 721 corpus
1170 640 1420 722 praetuleritne

217 761 364 845 veneficii
392 762 499 843 signa,
526 774 653 845 parum
685 762 829 825 constitit
858 760 913 841 (ΙΙ,
944 758 1009 840 73),
1035 759 1127 839 quod
1152 756 1221 819 fere
1245 758 1338 821 idem
1364 769 1419 821 est
1477 742 1485 755 ⁴

217 901 256 943 ac
280 881 307 942 si
332 880 424 943 nulla
448 881 586 943 inventa
609 881 705 963 signa
729 880 890 943 fateretur
911 877 1065 940 Tacitus:
1088 897 1169 959 ergo
1189 877 1232 939 ab
1255 876 1312 940 illa
1332 876 1418 941 Ger-

217 999 350 1061 manico
376 1008 530 1080 paratum
556 1019 628 1061 esse
654 1019 822 1061 venenum
847 1017 1011 1080 perquam
1036 1005 1107 1058 erat
1133 995 1345 1059 verisimile”.

263 1116 389 1191 Audio,
410 1117 469 1179 sed
492 1118 573 1199 quid
595 1117 687 1180 hisce
707 1137 784 1179 cum
800 1112 1101 1198 praecedentibus?
1114 1113 1418 1196 Quemadmodum

219 1235 309 1297 enim
341 1236 535 1298 coniunctio
566 1257 644 1299 nam
675 1236 789 1311 docet,
823 1235 865 1297 de
896 1235 1042 1297 Martina
1076 1235 1243 1297 narrando
1275 1233 1419 1297 Tacitus

219 1353 496 1435 praecedentium
530 1354 663 1417 illorum
699 1355 861 1418 rationem
898 1353 1054 1417 reddidit.
1091 1352 1266 1416 Praecedit
1299 1361 1418 1415 autem

218 1479 357 1552 questus
388 1470 478 1553 vulgi
511 1473 604 1553 quod
635 1473 721 1548 Piso,
746 1472 827 1534 dum
852 1471 987 1533 interim
1012 1491 1047 1532 se
1072 1471 1223 1535 oblectet
1245 1470 1418 1533 Achaiam

222 1588 408 1670 Asiamque
429 1590 652 1671 peragrando
672 1590 830 1653 scelerum
849 1589 1021 1652 subvertat
1030 1589 1250 1672 probationes,
1271 1611 1417 1671 quorum

222 1708 402 1770 verborum
423 1708 513 1769 haud
535 1708 637 1770 dubie
659 1708 713 1769 hic
733 1727 851 1770 sensus
870 1716 921 1769 est
941 1715 978 1770 ut
1000 1707 1075 1769 Piso
1096 1707 1227 1771 dicatur
1245 1708 1287 1770 de
1301 1709 1419 1771 medio

226 1828 345 1891 tollere
365 1827 531 1909 quidquid
552 1828 676 1889 indicio
696 1848 769 1890 esse
790 1827 896 1909 possit
915 1836 1072 1889 necatum
1085 1847 1105 1889 a
1117 1846 1152 1888 se
1167 1825 1419 1890 Germanicum.

227 1947 289 2008 Est
320 1948 391 2009 eius
421 1966 515 2009 mora
545 1967 724 2029 arrogans,
757 1947 836 2027 quia
866 1953 936 2007 tam
968 1945 1032 2006 diri
1060 1944 1217 2008 facinoris
1240 1955 1421 2027 suspectus

226 2064 259 2126 in
291 2065 536 2126 amoenissimis
566 2072 730 2127 terrarum
761 2064 844 2127 locis
876 2064 1021 2145 superbe
1052 2062 1211 2145 lauteque
1238 2063 1339 2139 vivit;
1366 2072 1420 2127 est

225 2182 360 2245 subdola
384 2184 472 2263 quia,
497 2184 577 2247 dum
603 2191 737 2265 praeter
761 2183 954 2265 voluptates
973 2203 1050 2245 suas
1071 2182 1116 2245 nil
1135 2203 1251 2245 curare
1271 2184 1420 2259 videtur,

225 2302 258 2363 in
292 2301 388 2363 ltalia
419 2322 479 2383 per
510 2303 680 2364 ministros
707 2302 896 2364 securitatis
919 2321 999 2364 suae
1023 2322 1124 2364 causa
1147 2301 1274 2364 scelera
1297 2322 1420 2384 perpe-

225 2421 346 2484 tranda
369 2429 473 2483 curat.
499 2421 594 2482 Haec
618 2420 731 2482 omnia
756 2439 797 2482 eo
821 2439 883 2482 nos
906 2419 1035 2481 ducunt
1059 2428 1095 2481 ut
1120 2419 1186 2482 hoc
1210 2420 1275 2482 dici
1301 2420 1420 2484 creda·

227 2562 316 2603 mus:
352 2539 503 2621 „illorum
536 2541 764 2601 ministrorum
796 2548 829 2600 et
856 2539 1003 2601 Martina
1028 2540 1164 2601 victima
1189 2538 1288 2602 fuisse
1313 2538 1421 2621 vulgo

227 2658 439 2722 videbatur”.
465 2658 515 2722 At
540 2678 629 2721 nunc
652 2659 732 2739 quid
757 2658 820 2720 sibi
845 2658 917 2719 vult
941 2677 1109 2719 venenum
1134 2656 1215 2720 illud
1240 2658 1331 2720 nodo
1356 2660 1421 2721 cri-

228 2779 320 2841 nium
352 2777 569 2852 occultatum,
601 2777 683 2859 quid
712 2777 833 2839 frustra
857 2779 1011 2858 quaesita
1033 2778 1159 2859 sumpti
1184 2778 1278 2839 exitii
1301 2777 1422 2860 signa?

227 2897 284 2960 An
306 2897 449 2980 putabat
470 2895 614 2978 populus
634 2896 764 2958 Pisonis
785 2896 955 2959 ministros
974 2897 1017 2959 ad
1037 2895 1218 2958 Martinam
1231 2894 1421 2960 tollendam

224 3015 282 3078 illo
315 3017 388 3098 ipso
420 3034 497 3077 usos
529 3033 672 3088 veneno,
705 3013 797 3094 quod
829 3022 899 3075 tam
925 3014 1011 3077 bene
1036 3013 1205 3076 celaverat
1229 3012 1303 3077 illa?
1327 3013 1422 3096 Quo·

226 3135 329 3198 modo
353 3155 394 3197 eo
418 3135 518 3216 potiti
538 3131 634 3196 sunt?
655 3134 811 3214 Denique
832 3133 904 3215 ipse
925 3132 1063 3195 Tacitus
1082 3134 1165 3214 quid
1186 3134 1267 3196 velit
1287 3136 1420 3199 nescire

225 3254 369 3328 videtur,
394 3272 474 3334 ergo
498 3262 626 3315 temere
651 3251 800 3334 proferre
824 3271 976 3314 rumores
999 3250 1053 3313 hic
1078 3251 1144 3313 illic
1169 3252 1336 3315 inventos.
