3210 5274
727 418 794 485 ²99

156 592 218 655 κοῖς
243 584 420 662 ποιοίστοοτο
448 583 681 648 δεδονκένονν
707 584 775 655 την
799 580 1009 662 άνοορχήοον
1033 581 1080 650 uls
1102 576 1348 642 άπόστοοσνν.

157 706 262 769 Nihili
290 708 371 769 ista!
460 776 464 785 ¹

202 826 312 891 Galba
336 826 456 889 XXIII
494 826 614 888 Pisone
639 845 658 887 a
683 823 792 887 Galba
816 823 993 905 adoptato,
1017 820 1111 884 Otho
1134 818 1186 883 τὸν
1209 816 1352 880 Πείσωνά

156 946 256 1017 δεδιὼς
283 944 336 1009 aul
363 943 413 1009 τάν
441 942 575 1020 Γάλβοον
596 941 854 1022 ποοβοιλλάμενος
877 942 929 1004 κοοὶ
950 941 992 1020 τῶ
1013 938 1124 1017 Οὐινίῳ
1143 935 1351 1018 χαλεπαίνων

156 1067 252 1147 άπήεο
284 1070 409 1128 πολλῶν
444 1066 547 1128 nalal
583 1064 714 1143 πλήρης.
746 1063 846 1146 Quod
872 1063 927 1125 hic
953 1060 1150 1125 Plutarchus
1174 1060 1352 1122 Taciteum

157 1187 213 1268 (H.
240 1187 264 1260 I,
294 1187 345 1268 21)
381 1186 434 1265 „in
467 1185 611 1248 Galbam
643 1186 701 1258 ira,
735 1185 768 1246 in
795 1184 951 1246 Pisonem
976 1179 1124 1244 invidia”
1150 1187 1259 1242 mutat
1282 1198 1352 1241 am·

158 1307 355 1390 plificatque
379 1306 479 1388 aequi
505 1306 654 1387 bonique
679 1303 896 1399 consulImus
922 1301 989 1367 Sed
1013 1302 1095 1384 quid
1121 1301 1186 1363 isto
1210 1296 1352 1376 ποοβκλ·

158 1429 286 1502 λόμενος
312 1426 375 1488 sibi
400 1426 482 1488 velit
505 1425 686 1488 obscurum
710 1432 772 1487 est.
795 1422 852 1486 An
878 1431 1036 1504 corrupta
1061 1442 1101 1484 ea
1124 1420 1213 1483 vox?

203 1547 313 1612 Galba
340 1546 442 1609 XXV
480 1546 518 1608 ln
550 1545 659 1608 sorum
692 1565 769 1608 cum
801 1544 1033 1607 descendisset
1065 1541 1169 1618 Otho,
1200 1542 1353 1624 paucitas

158 1666 430 1749 exspectantium
461 1666 549 1728 adeo
581 1685 658 1728 eum
691 1664 841 1727 terrebat
865 1673 902 1727 ut
926 1672 1041 1727 actum
1065 1664 1108 1726 de
1132 1683 1168 1725 se
1192 1662 1354 1725 clamaret

157 1796 192 1850 et
216 1787 372 1849 lecticam
393 1794 569 1867 portantes
593 1786 767 1848 incitaret:
793 1782 934 1859 ἐξήκουον
957 1783 1020 1863 γάρ
1046 1779 1115 1846 ἔννοο
1141 1781 1353 1864 ήοονμάζοντες

157 1908 282 1981 μάλλον
310 1904 326 1977 ἢ
352 1902 577 1983 τκρκττὸμενοο
604 1902 654 1966 διά
679 1904 734 1976 την
760 1903 934 1979 δλνγάτητοο
957 1905 1016 1967 τῶν
1036 1901 1352 1977 άποτετολμημὲνονν.

160 2027 279 2108 Neque
302 2026 443 2088 verbum
464 2022 604 2100 ἐξήκουον
625 2045 735 2106 neque
757 2027 928 2107 passivum
948 2021 1254 2100 ἀποτετολμημένων
1271 2024 1353 2105 quid

158 2146 222 2208 sibi
248 2146 330 2207 velit
354 2147 472 2209 video:
498 2142 655 2219 ἕξονκοήενν
680 2143 761 2207 nihil
786 2145 877 2206 aliud
902 2153 954 2206 est
977 2163 1080 2226 quam
1104 2144 1223 2207 audire
1241 2155 1353 2225 posse;

162 2264 262 2328 luisse
287 2274 401 2328 autem
427 2266 459 2328 in
485 2264 569 2340 loro,
594 2265 650 2346 qui
675 2263 732 2326 illa
756 2264 827 2325 eius
851 2263 955 2326 verba
978 2271 1118 2346 possent
1142 2262 1277 2325 auribus
1297 2282 1355 2324 ex·

162 2386 286 2468 cipere,
311 2386 444 2447 disertis
468 2384 580 2446 verbis
604 2404 672 2446 non
696 2403 810 2447 sumus
834 2382 1006 2446 monendi.

205 2506 251 2568 ib.
289 2506 327 2568 In
352 2507 469 2568 castris
493 2505 670 2588 praetoriis
694 2503 869 2567 Othonem
888 2503 958 2566 κου’
978 2499 1033 2566 ἕνον
1053 2501 1106 2565 κάν
1129 2501 1180 2566 δύο
1203 2499 1354 2579 σποράδες

161 2624 218 2687 ὑπὸ
252 2623 335 2693 δέους
368 2624 402 2687 τὸ
437 2625 565 2702 πρῶτον,
598 2617 669 2686 εἶτον
705 2624 880 2693 πεισθέντες
909 2622 1171 2697 ἐπηκολούθησαν.
1197 2621 1356 2705 Quonam

161 2766 238 2809 eum
263 2754 342 2808 sunt
365 2743 493 2808 secuti?
518 2744 589 2807 Iam
614 2745 833 2808 enimenin
858 2745 986 2807 castris.
1011 2744 1067 2807 An
1092 2744 1135 2807 ad
1160 2740 1329 2805 tribunal?

208 2864 317 2928 Galba
342 2864 462 2927 XXIX
497 2860 576 2926 ὥστε
607 2870 647 2943 τῇ
675 2860 744 2943 δοξη
768 2866 893 2939 μάλλον
918 2862 935 2937 i
960 2871 999 2942 τῇ
1024 2862 1164 2937 δυνάμει.
1197 2842 1374 2944 Sequitur¹

162 3004 252 3047 nunc
281 2983 375 3047 locus
398 2984 486 3047 adeo
510 2985 695 3066 Impeditus
719 2992 756 3046 ut
779 2985 827 3046 sic
851 3004 871 3046 a
895 2983 1075 3046 Plutarcho
1100 2983 1263 3065 scriptum
1288 3001 1356 3044 non

163 3104 311 3176 credam,
335 3104 395 3166 sed
421 3122 531 3185 neque
556 3104 672 3165 sedem
698 3123 808 3184 neque
832 3121 939 3184 genus
962 3103 1035 3164 vitii
1059 3102 1170 3164 video,

210 3340 304 3406 Otho
325 3342 338 3405 l
372 3339 465 3405 Otho
485 3342 698 3404 senatoribus
717 3361 803 3424 quos
820 3341 998 3423 expulerat
1017 3340 1120 3414 Nero,
1139 3349 1359 3402 revocaverat

166 3461 286 3537 Galba,
307 3462 457 3524 reddidit
478 3455 536 3523 ἔσο
559 3461 601 3536 μή
626 3458 839 3539 πεπρκμμένοο
859 3465 918 3522 τῶν
938 3456 1108 3536 κτημάτων
1121 3454 1260 3525 άκοοστον
1274 3456 1358 3533 ἒξεύ·
1381 3522 1392 3543 0

164 3602 277 3659 μσκεν.
304 3582 367 3644 Ρτο
380 3579 595 3659 πεπραγμένον
610 3582 698 3645 haud
713 3582 815 3646 dubie
829 3583 1009 3664 requiritur
1022 3581 1114 3663 quod
1133 3579 1358 3661 „deteriores”

165 3701 293 3764 habent
318 3698 525 3778 πετρουμένους
555 3720 796 3783 „quaecunque
821 3703 972 3765 nondum
998 3703 1173 3764 venierant
1194 3701 1358 3781 (nondum

163 3841 183 3883 a
208 3821 349 3903 privatis
373 3821 567 3885 hominibus
591 3832 686 3884 erant
711 3824 839 3904 empta)
863 3824 922 3885 sed
945 3823 1124 3904 (quatenus
1144 3843 1195 3886 res
1217 3822 1359 3885 mobiles

164 3944 273 4022 erant)
306 3941 338 4003 in
372 3940 510 4023 publico
540 3939 654 4021 aliquo
686 3940 946 4004 asservabantur
970 3941 1159 4005 aedifici0.''
1183 3941 1251 4007 Sed
1276 3943 1358 4024 quid

166 4081 254 4123 nunc
280 4061 344 4123 isto
368 4055 500 4123 ἕκοοστον
526 4061 568 4141 (ν.
583 4061 602 4122 l.
628 4058 773 4140 ἑκάστου)
797 4060 980 4123 faciamus?
1005 4061 1130 4124 Fraudi
1155 4061 1256 4124 luisse
1280 4062 1360 4125 viris

167 4180 277 4243 doctis
309 4178 477 4242 nonnullis
500 4180 652 4261 suspicor
676 4201 707 4242 v.
732 4176 915 4256 ἐξεύρισκεν,
940 4182 1031 4262 quod
1057 4182 1251 4264 acceperint
1275 4192 1360 4246 tam-

169 4318 271 4381 quam
304 4300 331 4361 si
363 4299 532 4362 diceretur
557 4300 600 4361 de
625 4321 662 4362 re
684 4320 767 4381 quae
784 4303 932 4384 pretium
956 4303 1134 4377 inveniret3
1160 4302 1219 4365 sed
1245 4304 1309 4366 hoc
1333 4306 1361 4367 si

169 4420 331 4482 voluisset
363 4419 571 4494 Plutarchus
604 4438 671 4481 non
702 4415 761 4480 ἔστι
794 4422 981 4502 scripsisset
1005 4443 1122 4485 verum
1146 4418 1224 4498 ὅσον,
1250 4442 1360 4504 neque
