3210 5274
776 383 834 452 Ι55

247 549 340 612 Ann.
366 550 427 626 VI,
459 569 507 633 19.
537 551 663 632 ,lacuit
688 553 854 614 immensa
873 559 1012 634 strages,
1033 551 1143 614 omnis
1163 571 1273 626 sexus,
1293 551 1403 614 omnis

201 678 307 744 aetas,
333 668 478 733 illustres
502 671 670 754 ignobiles
694 671 837 754 dispersi
860 679 919 733 aut
942 670 1127 754 aggerati.’¹

247 789 416 854 Immensa
446 798 600 875 strages!
633 791 685 853 De
717 791 800 853 urbe
832 791 875 854 ab
907 790 1061 854 hostibus
1086 800 1188 874 capta
1211 812 1403 856 sermonem

203 928 277 972 esse
302 917 412 991 putes,
436 909 494 991 qui
518 908 607 972 ferro
628 909 766 993 ignique
787 909 901 972 omnia
921 911 1096 985 vastarint,
1118 910 1245 973 incolas
1265 911 1402 974 obviam

202 1029 267 1092 sibi
289 1027 397 1093 factos
418 1029 673 1104 trucidaverint,
694 1030 909 1112 pepercerint
930 1029 1068 1092 nemini.
1089 1030 1140 1093 At
1160 1051 1277 1093 revera
1294 1030 1405 1113 agitur

204 1149 248 1212 de
278 1149 320 1211 iis
350 1148 554 1223 hominibus,
587 1149 655 1230 qui,
688 1149 836 1213 accusati
868 1150 961 1231 quod
993 1169 1071 1212 cum
1103 1147 1227 1212 Seiano
1251 1149 1404 1226 iecerint,

203 1267 345 1330 consilia
377 1268 448 1330 eius
479 1268 681 1344 adiuverint,
712 1268 983 1332 emolumentum
1011 1269 1148 1350 aliquod
1174 1269 1218 1332 ab
1242 1289 1284 1333 eo
1309 1290 1404 1334 acce·

206 1388 328 1469 perint‚
360 1389 464 1451 etiam
496 1389 531 1451 in
563 1389 705 1452 vinculis
736 1389 898 1452 iudicium
930 1398 964 1452 et
996 1390 1318 1452 condemnationem
1346 1409 1404 1451 ex·

205 1516 373 1590 spectent.
407 1507 556 1570 Netum
581 1509 732 1591 quidem,
757 1529 834 1572 cum
859 1509 904 1571 nil
929 1509 1028 1571 nobis
1052 1509 1095 1572 de
1121 1528 1237 1571 eorum
1263 1528 1404 1572 numero

205 1628 368 1691 traditum
393 1636 493 1703 esset,
514 1628 640 1711 aliquot
658 1648 776 1692 eorum
796 1626 897 1690 luisse
918 1627 1012 1691 milia
1033 1627 1130 1690 facile
1151 1627 1250 1690 nobis
1270 1647 1406 1711 persua·

206 1746 379 1809 deremus:
406 1755 440 1809 et
465 1755 581 1811 tamen
605 1747 639 1809 id
665 1747 763 1810 nobis
786 1747 991 1809 sumendum
1015 1745 1111 1820 foret,
1134 1747 1197 1809 nisi
1217 1746 1404 1809 admodum

205 1865 388 1928 absurdam
420 1866 532 1929 Taciti
563 1867 606 1929 de
637 1876 748 1949 strage
780 1866 838 1929 illa
862 1866 1147 1929 exclamationem
1172 1866 1279 1930 videri
1304 1864 1405 1928 velle·

207 2004 291 2046 mus.
317 1982 407 2066 Quid
433 2005 514 2066 ergo
538 2005 626 2048 nunc
652 1985 750 2048 nobis
774 1985 817 2049 de
842 2006 882 2048 ea
905 1984 1124 2048 statuendum
1150 1994 1201 2048 est
1223 1993 1405 2067 postquam

207 2105 430 2185 cognovimus
450 2105 480 2187 (e
503 2102 682 2187 Suetonio)
703 2125 771 2169 non
784 2105 897 2188 plures
909 2107 1032 2190 viginti
1044 2105 1183 2168 miseros
1196 2105 1271 2167 illos
1284 2103 1406 2169 luisse?

207 2223 437 2288 Credamusne
470 2225 622 2306 ingentia
649 2225 759 2288 Taciti
784 2226 889 2289 verba
912 2226 993 2288 satis
1017 2223 1154 2288 delendi
1178 2224 1406 2289 annotationi·

208 2343 270 2406 bus
295 2343 405 2425 qualis
428 2352 478 2406 est
503 2343 587 2406 haec
613 2344 842 2427 Nipperdeyi:

255 2485 311 2544 ,es
335 2466 378 2527 ist
404 2486 442 2527 zu
467 2464 653 2528 bemerlren
678 2464 755 2528 dass
780 2466 834 2528 die
860 2465 1089 2546 Hinrichtung
1109 2485 1177 2527 von
1200 2480 1242 2528 20
1261 2462 1322 2527 aul
1337 2464 1407 2527 ein·

209 2584 274 2648 mal
299 2585 421 2647 immer
443 2593 548 2648 etwas
571 2584 917 2648 ausserordentliches
941 2585 994 2659 ist,
1015 2587 1106 2648 dann
1127 2584 1210 2647 aber
1230 2586 1408 2648 immensus

206 2706 259 2768 bei
286 2704 369 2767 Tac.
393 2704 488 2767 nicht
513 2704 609 2767 mehr
633 2704 797 2767 bedeutet
821 2704 887 2766 als:
916 2703 1224 2767 ausserordentlich
1247 2701 1385 2785 gross”i

250 2824 354 2887 Haud
383 2825 522 2907 opinor;
549 2843 637 2898 nam,
664 2844 870 2906 quamquam
896 2824 1106 2886 verissimam
1131 2843 1203 2885 esse
1227 2831 1406 2904 utramque

207 2943 421 3026 Nipperdeyi
445 2943 720 3006 observationem
746 2962 865 3006 omnes
889 2951 1024 3015 norunt,
1049 2943 1107 3024 qui
1133 2943 1166 3006 in
1191 2941 1312 3005 Tacito
1337 2961 1405 3004 non

207 3063 307 3146 plane
341 3071 418 3125 sunt
445 3061 608 3144 hospites,
633 3070 748 3125 tamen
773 3082 888 3124 earum
914 3070 1032 3125 neutra
1056 3063 1200 3144 impedit
1225 3062 1406 3144 quominus

207 3183 333 3256 omnia,
358 3181 419 3244 sed
443 3182 642 3264 praesertim
666 3182 731 3245 ista
750 3181 893 3262 dispersi
912 3193 973 3245 aut
991 3182 1157 3265 aggerati,
1179 3181 1223 3244 ab
1244 3181 1308 3244 hoc
1329 3179 1405 3244 loco

207 3312 241 3367 et
264 3302 309 3366 ab
335 3301 398 3365 hac
422 3322 458 3364 re
482 3321 585 3383 quam
608 3301 813 3365 alienissima
837 3321 1044 3364 censeamus,
1070 3301 1115 3363 Et
1136 3300 1217 3382 quid
1238 3300 1301 3363 sibi
1322 3300 1405 3364 illud

206 3425 239 3487 in
275 3424 372 3487 initio
405 3422 632 3505 descriptionis
667 3423 815 3504 positum
847 3421 988 3484 verbum
1020 3423 1123 3484 iacuit
1152 3420 1235 3495 vult,
1268 3419 1329 3483 nisi
1363 3439 1405 3483 eo

206 3544 363 3606 iubemur
383 3541 488 3605 oculis
509 3542 632 3604 nostris
650 3542 906 3623 quodammodo
919 3541 1025 3604 latum
1038 3540 1185 3622 aliquem
1199 3540 1403 3603 cadaverum

205 3662 410 3744 perlustrare
441 3659 622 3743 campum?
655 3659 722 3724 Sed
756 3680 857 3742 quam
889 3668 1005 3723 tantae
1033 3658 1242 3722 crudelitatis
1266 3678 1403 3722 causam

203 3783 302 3846 affert
326 3781 475 3855 Tacitus,
500 3801 541 3843 ea
565 3781 676 3843 minus
699 3780 812 3855 etiam,
837 3780 864 3842 si
889 3780 960 3842 fieri
985 3787 1108 3862 potest,
1130 3788 1182 3841 est
1203 3779 1401 3842 verisimilis.

205 3901 450 3966 Crudelitatem
463 3908 595 3962 tantam
609 3899 837 3982 intelligimus,
851 3899 877 3960 si
891 3898 1048 3980 fingimus
1061 3898 1202 3961 tandem
1217 3889 1401 3980 aliquando

205 4022 353 4104 piguisse
377 4020 553 4082 Tiberium
578 4017 690 4082 Seiani
712 4020 850 4100 eiusque
871 4018 1039 4081 sociorum
1060 4039 1304 4102 recognoscere
1324 4017 1402 4081 iaci·

206 4161 289 4204 nora
313 4141 397 4215 dira,
421 4140 545 4221 quibus
568 4140 639 4222 ipse
663 4138 727 4201 toti
751 4139 866 4222 generi
891 4138 1039 4202 humano
1064 4140 1190 4202 invisus
1215 4149 1305 4202 esset
1328 4140 1403 4204 red·

206 4261 306 4335 ditus,
331 4260 564 4341 sumimusque
587 4280 675 4333 eum,
700 4279 776 4321 cum
801 4259 906 4322 semel
932 4261 995 4322 reis
1019 4261 1091 4322 sine
1114 4279 1246 4322 summa
1269 4279 1329 4322 sua
1353 4259 1403 4321 in·

207 4379 308 4443 lamia
328 4399 468 4463 parcere
489 4398 557 4441 non
577 4386 702 4460 posset,
723 4379 925 4459 quantocius
941 4379 1078 4461 defungi
1092 4379 1243 4442 tristibus
1257 4378 1401 4444 voluisse
