3210 5274
683 411 744 479 ¹74

110 575 182 637 abit
214 557 273 658 qrh
305 576 515 658 (quomodo).
548 576 751 640 Conferatur
782 578 826 640 A.
859 579 921 653 VI,
953 579 984 653 6,
1016 579 1075 640 ubi
1109 599 1200 642 nunc
1225 587 1308 641 recte

112 696 239 757 editur:
276 697 377 776 ,quid
409 696 556 758 scribam
581 697 689 770 vobis,
714 706 830 780 patres
853 699 1050 780 conscripti,
1076 707 1136 761 aut
1159 699 1310 780 quomodo

111 815 266 887 scribam,
291 824 350 877 aut
374 815 455 896 quid
479 816 620 878 omnino
646 836 714 878 non
738 816 884 879 scribam
910 837 940 879 e.
953 838 987 899 q.
1001 816 1062 891 S.”,
1085 826 1121 881 at
1142 819 1177 879 in
1199 818 1310 880 codice

112 955 174 1017 pro
198 934 356 1014 quomodo
378 932 503 1015 legitur
526 936 667 1016 quando.

157 1173 201 1234 A.
227 1172 288 1246 IV,
312 1188 367 1252 45.
393 1173 431 1234 ln
457 1171 624 1254 Hispania
647 1175 789 1256 agrestis
814 1174 972 1256 quidam:

162 1300 373 1372 ,praetorem
406 1293 602 1373 provinciae
638 1293 677 1354 L.
711 1293 878 1367 Pisonem,
912 1313 997 1374 pace
1030 1294 1251 1367 incuriosum,
1275 1313 1313 1355 ex

115 1410 300 1491 improviso
324 1411 358 1472 in
382 1411 503 1472 itinere
527 1413 668 1474 adortus
692 1432 760 1474 uno
785 1411 924 1475 vulnere
948 1413 982 1474 in
1003 1420 1153 1475 mortem
1174 1412 1314 1475 affecit.’'

160 1530 201 1591 In
233 1541 370 1592 niortcm
401 1530 532 1611 affecit:
564 1551 652 1612 quae
684 1551 835 1613 unquam
867 1531 1042 1594 barbaries
1066 1541 1140 1595 tam
1164 1533 1312 1595 scabram

116 1648 258 1732 protulit
288 1648 499 1711 orationem?
531 1649 743 1731 Quantocius
770 1650 928 1713 Tacitum
953 1651 1016 1714 hac
1041 1672 1229 1733 purgemus
1251 1673 1312 1714 ma·

116 1769 202 1842 cula,
227 1789 289 1851 pro
311 1770 426 1851 affecit
449 1769 596 1851 legendo
619 1770 754 1851 afflixit.
776 1768 924 1834 Omnem
947 1770 1009 1832 tibi
1031 1771 1163 1833 eximet
1184 1792 1314 1853 scrupu-

117 1889 187 1950 lum
211 1887 265 1950 hic
290 1887 384 1950 locus
407 1908 451 1949 ex
475 1889 597 1951 eodem
621 1887 709 1951 libro
733 1890 774 1969 (c.
799 1889 873 1970 62):
902 1889 978 1968 ,illi,
1003 1910 1091 1971 quos
1116 1891 1313 1973 principium

118 2010 239 2090 stragis
258 2009 292 2070 in
314 2017 459 2070 mortem
479 2008 697 2092 adflixerat.”
718 2007 878 2072 Ceterum
899 2009 1019 2071 harum
1040 2029 1154 2072 rerum
1173 2013 1315 2073 curiosos

120 2131 268 2192 monitos
300 2128 389 2202 volo,
426 2131 510 2191 mire
543 2128 657 2192 multis
688 2131 721 2191 in
755 2130 855 2191 rebus
886 2129 1189 2213 hanc,congruere
1214 2152 1315 2194 narra·

120 2251 249 2311 tionem
274 2269 350 2310 cum
376 2247 524 2311 Sallustii
547 2246 602 2309 illa
623 2248 660 2309 B.
682 2248 719 2310 C.
741 2267 770 2309 c.
797 2265 844 2329 19,
868 2250 911 2311 de
931 2248 997 2310 alio
1018 2250 1172 2329 quodam
1193 2251 1316 2323 Pisone,

124 2370 180 2449 qui
205 2377 239 2430 et
265 2368 393 2449 ipsein
421 2367 587 2449 Hispania
612 2377 752 2430 necatus
776 2375 838 2430 est.

165 2606 209 2668 A.
231 2606 292 2680 IV,
316 2622 366 2686 52.
387 2605 443 2668 Ob
464 2604 651 2687 periculum
672 2604 834 2669 Claudiae
855 2605 1028 2679 Pulchrae,
1049 2607 1210 2670 sobrinae
1230 2627 1315 2679 suae,

118 2727 325 2788 intentatum
358 2725 594 2787 vehementius
623 2744 700 2786 cum
726 2724 864 2786 Tiberio
888 2724 1084 2807 expostulat
1109 2726 1317 2809 Agrippina:

169 2846 318 2923 ,Audita
350 2846 432 2906 hacc
458 2865 566 2907 raram
592 2844 715 2906 occulti
742 2845 890 2925 pectoris
915 2864 1035 2907 vocem
1061 2843 1226 2922 elicuere,
1252 2867 1319 2909 cor·

124 2975 323 3047 raptamque
348 2963 479 3026 Graeco
503 2984 601 3025 versu
626 2964 804 3026 admonuit
829 2983 895 3025 non
922 2964 1000 3026 ideo
1024 2963 1124 3039 laedi,
1148 2968 1229 3046 quia
1255 2985 1319 3028 non

123 3085 313 3166 regnaret.'’

170 3206 307 3266 Frustra
339 3203 417 3265 hinc
449 3202 553 3264 ullum
577 3221 713 3264 sensum
737 3200 859 3263 elicere
883 3202 1025 3275 coneris,
1050 3203 1110 3265 sed
1137 3204 1222 3266 nihil
1247 3203 1322 3266 saci-

124 3327 185 3388 lius
210 3344 312 3405 quam
336 3323 548 3404 aptissimum
573 3322 750 3383 restituere
773 3341 921 3383 sensum.
946 3321 1010 3383 Pro
1035 3342 1097 3384 non
1117 3323 1189 3384 ideo
1209 3322 1321 3405 legen·

124 3448 205 3508 dum
238 3454 289 3505 est
316 3443 386 3504 ideo
410 3462 488 3503 nen:
519 3441 618 3521 ,quid
643 3448 677 3501 te
702 3439 790 3501 laedi
815 3449 849 3501 et
874 3439 994 3502 iniuria
1017 3440 1104 3502 affici
1129 3440 1321 3522 quereris?''

124 3563 280 3627 Tiberius
303 3563 351 3624 ait
379 3580 465 3639 ,non
491 3568 590 3641 potes
613 3558 712 3632 laedi,
738 3578 816 3620 nam
842 3578 909 3621 non
935 3557 1090 3640 regnas.”
1114 3560 1323 3641 Tyrannidis

125 3685 178 3746 hic
215 3681 408 3764 primariam
446 3679 643 3760 pronuntiat
674 3675 784 3758 legem
815 3676 989 3740 Tiberius:
1026 3687 1179 3760 ,praeter
1212 3680 1322 3762 ipsum

124 3814 308 3886 tyrannum
340 3798 570 3878 unusquisque
602 3797 767 3877 quidquid
800 3796 863 3858 sibi
888 3797 1025 3860 eveniat
1048 3799 1148 3879 aequi
1173 3798 1323 3881 bonique

126 3922 300 3986 consulere
333 3920 455 3992 debet;
487 3925 577 3980 errat
607 3916 634 3978 si
667 3936 702 3977 se
733 3916 828 3990 laedi,
862 3916 915 3979 vel
948 3918 1075 3980 iniuria
1105 3917 1198 3998 affici
1224 3919 1323 3982 dicit:

127 4042 293 4104 eiusmodi
318 4038 483 4101 vocabula
509 4057 575 4098 non
601 4036 808 4098 conveniunt
833 4037 865 4098 in
891 4036 1046 4100 homines
1070 4038 1113 4100 ad
1135 4039 1324 4120 parendum

129 4160 257 4225 natos.’'
284 4161 322 4221 In
348 4166 497 4220 mentem
522 4156 603 4218 mihi
625 4155 678 4216 hic
699 4154 915 4236 pulcherrimi
937 4158 1030 4220 venit
1049 4157 1116 4220 loci
1137 4157 1323 4240 Euripidei,

129 4283 185 4344 ubi
211 4281 331 4341 cadem
356 4276 517 4357 loquendi
542 4274 724 4336 adhibetur
748 4275 844 4336 ratio.
869 4274 1038 4339 Clamanti
1064 4277 1236 4359 Polynici:

221 4397 274 4460 xxi
298 4420 333 4458 rr
358 4394 495 4472 δεύτερόν
520 4396 553 4469 γ’
578 4393 739 4454 ἀπαιτῶ
765 4399 911 4471 σκῆπτρα
935 4393 989 4457 uei
1013 4394 1091 4472 μέρη
1114 4391 1224 4473 χθονός
