3210 5274
766 401 827 469 292

200 564 306 646 Quae,
338 565 490 636 obsecro,
523 573 575 627 est
607 565 670 626 ista
699 565 888 646 oppositio:
913 562 1056 626 Clodius
1082 560 1205 624 Celsus
1227 558 1388 637 οἱπνγέρενε

199 688 258 748 sed
285 686 380 748 multi
405 684 609 760 κωτεγέλωνὲ
633 685 717 768 Quis
742 685 844 747 homo
869 683 1002 746 sobrius
1028 701 1184 763 unquam
1211 683 1259 744 sic
1283 692 1331 743 est
1351 682 1390 743 lo

200 803 316 868 cutus?
339 805 383 866 Et
398 805 442 867 illi
457 805 552 866 multi
567 826 669 886 quern
682 805 821 868 tandem
836 800 1061 866 deridebant?
1085 799 1390 884 Nymphidiumne?

201 924 288 988 Cur?
313 926 369 986 An
395 927 486 1006 quod
512 926 684 987 dubitaret
708 922 831 986 etiarn?
861 923 906 984 Et
930 921 1095 983 haeccine
1122 942 1227 983 causa
1251 929 1322 983 erat
1343 941 1392 983 cur

201 1046 339 1107 tandem
372 1066 407 1106 se
438 1046 678 1125 imperatorem
711 1042 911 1126 proclamari
944 1041 1183 1122 Nymphidius
1209 1038 1391 1124 pateretur?

203 1166 356 1226 Ancum
382 1165 580 1226 Mithridate
604 1165 708 1226 ceteri
732 1183 850 1225 omnes
874 1181 977 1223 unum
1002 1160 1152 1223 Galbam
1178 1158 1393 1224 deridebant?

202 1283 269 1346 Sed
302 1285 347 1344 sic
381 1304 517 1364 quoque
549 1283 697 1363 aliquem
728 1281 827 1344 luisse
859 1280 945 1342 illius
971 1280 1054 1341 risus
1079 1279 1246 1342 effectum
1271 1280 1393 1343 disertis

202 1403 314 1463 verbis
344 1403 570 1483 significatum
596 1403 757 1484 oportuit.
789 1401 944 1481 Denique
970 1407 1006 1461 ut
1030 1399 1066 1460 et
1091 1398 1200 1461 verbo
1226 1398 1393 1477 ἆωνγέρευε

201 1522 291 1584 aliud
311 1522 452 1583 verbum
478 1524 683 1603 respondeat
707 1523 741 1584 et
761 1530 834 1583 tota
856 1521 1002 1582 narratio
1021 1518 1087 1580 sibi
1108 1528 1249 1583 constet
1271 1531 1304 1583 et
1323 1521 1396 1583 satis

201 1643 243 1703 sit
277 1643 463 1722 perspicua,
497 1662 583 1722 opus
621 1651 672 1703 est
704 1639 886 1715 κωτενέλων
918 1639 1007 1701 istud
1040 1639 1149 1701 verbo
1179 1640 1281 1702 alicui
1305 1641 1396 1703 cedat

202 1763 294 1842 quod
316 1763 498 1824 adlwrtarz'
517 1763 570 1824 vel
591 1764 732 1824 incitare
751 1761 928 1842 significet,
949 1761 1021 1821 sive
1041 1756 1217 1834 παρώρμων
1241 1760 1322 1822 illud
1341 1767 1396 1831 est,

203 1883 273 1942 sive
305 1882 442 1961 aliquod
475 1883 504 1942 ei
530 1901 771 1962 synonymum.
798 1881 855 1942 Ad
879 1880 1090 1960 subsequens
1114 1878 1324 1942 ἐπισκώπτων
1346 1879 1398 1941 ali·

204 2003 278 2081 quis
311 2010 534 2062 annotaverat
568 2002 767 2075 axrxymc‘eu,
800 2001 913 2080 idque,
946 2000 979 2060 in
1011 1997 1198 2074 xxrsye'nav
1224 2008 1398 2072 mutatum,

204 2123 284 2182 sede
310 2142 369 2181 sua
393 2121 523 2201 expulit
549 2121 689 2183 verbum
715 2120 915 2202 legitimum.

250 2240 358 2302 Galba
384 2239 467 2300 Xl'l
502 2239 609 2301 Galba
637 2260 713 2301 curn
741 2239 943 2301 Neronianis
966 2237 1205 2319 largitionibus
1229 2240 1334 2303 finem
1358 2239 1372 2301 f
1387 2274 1398 2285 ·

204 2370 306 2432 ceret,
338 2360 509 2420 interdum
542 2358 710 2420 nonnullis
740 2359 896 2420 sordidus
930 2358 1119 2420 videbatur.
1154 2359 1311 2423 Affertur
1339 2360 1399 2422 hoc

205 2480 410 2560 exemplum.
443 2479 526 2539 Cum
552 2478 671 2550 Canus
699 2479 824 2540 tibicen
850 2478 1063 2553 clarissimus,
1088 2479 1227 2540 cenanti
1260 2481 1400 2562 impera·

204 2600 268 2659 tori
303 2599 489 2671 cecinisset,
522 2595 689 2664 ἕπωννὲοκς
720 2596 771 2656 xxi
797 2594 1030 2670 ἀποδεξάμενος
1057 2595 1221 2660 ἐκέλευσεν
1247 2598 1332 2659 adri·
1355 2619 1399 2659 νιο-

205 2717 350 2790 prolium
375 2716 408 2776 ri
434 2714 672 2789 γλωσσόκομον·
698 2713 750 2777 uxi
776 2713 884 2790 λοβῶν
909 2719 1043 2793 χρυσοῦς
1069 2738 1156 2785 τινος
1179 2716 1317 2780 ἐπέδωκε
1337 2716 1398 2779 uri.

208 2837 298 2898 Nota
332 2857 382 2896 res
415 2845 465 2896 est
499 2837 639 2898 verbum
671 2834 884 2913 νέπνδὲχεωθνι
912 2836 1082 2918 probandi
1104 2836 1278 2900 interdum
1304 2858 1398 2900 sensu

207 2956 297 3037 poni,
330 2956 388 3016 sed
422 2954 589 3023 ἐπνννὲονς
623 2954 674 3016 nal
707 2952 941 3028 οὶποδεὲοὶμενος
973 2956 1071 3017 nimis
1096 2965 1146 3017 est
1171 2957 1345 3038 ingratum
1368 2966 1400 3018 et

206 3076 412 3154 languidum.
446 3076 572 3138 Totum
604 3078 692 3138 istud
725 3077 775 3136 uxi
810 3073 1043 3149 ἀποδεξάμενος
1070 3096 1088 3137 e
1114 3077 1267 3157 margine
1294 3078 1327 3139 in
1350 3098 1400 3138 su·

207 3194 372 3272 periorem
403 3203 517 3255 textus
548 3196 669 3257 lineam
695 3197 881 3257 aberravit:
907 3205 957 3256 est
982 3195 1071 3256 enirn
1097 3195 1269 3277 participii
1293 3194 1399 3271 λωβῶν

205 3312 556 3391 interpretamentum.

250 3429 342 3491 Otho
364 3431 411 3490 lll
447 3431 628 3494 Senatores
649 3436 738 3514 apud
762 3435 872 3515 ipsum
893 3432 1080 3514 epulantes
1102 3453 1189 3513 quos
1199 3434 1245 3495 ad
1260 3436 1399 3497 exitium

203 3551 407 3629 praetoriani
440 3553 683 3631 exposcebant,
717 3553 809 3613 Otho
842 3552 910 3613 xxl'
942 3550 1048 3627 ἑτέρως
1077 3550 1169 3629 θύννος
1193 3552 1321 3629 ἐφῆκε·
1348 3550 1398 3614 real

202 3666 307 3742 μικρὸν
342 3664 481 3743 {Olym
515 3667 752 3744 ὑπεκῼνγόντες
785 3671 834 3732 διὰ
860 3676 917 3732 τῶν
943 3670 1134 3747 μοσθοφέρων
1161 3670 1334 3745 ὠθουμένων
1358 3671 1399 3740 εἰς

202 3785 253 3845 τὸν
278 3785 424 3861 elapso.
450 3789 518 3849 Per
544 3789 634 3869 ipsos
659 3792 823 3852 irruentes
848 3812 957 3871 neque
980 3801 1138 3872 poterant
1157 3800 1335 3855 senatores
1355 3791 1399 3853 illi

204 3906 348 3966 evadere
375 3910 477 3983 (certe
503 3909 688 3969 admodum
714 3910 848 3970 difficile
869 3910 951 3971 illud
973 3911 1067 3989 erat),
1089 3930 1199 3992 neque
1221 3930 1309 3991 opus
1329 3917 1400 3972 erat

204 4024 336 4084 conari:
371 4024 550 4086 elabuntur
582 4028 671 4088 enim
705 4028 831 4089 loribus
863 4029 1067 4109 quibusdam
1102 4029 1154 4090 vel
1179 4030 1323 4093 sinistris
1347 4028 1400 4093 vel

205 4142 333 4203 dextris
370 4142 423 4203 vel
459 4144 605 4225 denique
641 4149 800 4220 adversis
838 4168 897 4229 per
929 4167 1013 4227 quas
1044 4167 1102 4208 eos
1134 4149 1263 4212 dimisit
1296 4150 1398 4214 Otho.

206 4260 360 4322 Naberus
392 4271 469 4342 post
501 4262 550 4324 διοὲ
581 4267 746 4328 excidisse
772 4276 869 4348 putat
894 4267 1031 4347 aliquod
1058 4288 1193 4341 nomen,
1219 4289 1289 4351 quo
1313 4268 1401 4332 sores

204 4380 431 4463 (principales)
467 4381 590 4447 luerint
625 4387 851 4469 significatae,
884 4388 1044 4468 quoniam
1081 4387 1220 4451 Tacitus
1256 4389 1399 4454 habeat:
