3210 5274
774 381 830 442 181

205 555 438 619 Credamusne
459 577 608 639 unquam
629 557 786 619 Tacitum
807 559 840 619 in
861 559 1101 640 componendo
1115 557 1398 638 disponendoque

200 683 273 737 tam
295 675 396 738 fuisse
418 676 471 738 vel
495 676 724 758 negligentem
740 677 792 739 vel
806 674 996 739 infelicem?
1013 676 1183 757 Equidem
1197 675 1398 738 crediderim

201 796 315 877 potius
340 815 418 857 eum
443 795 539 858 alteri
563 795 772 859 adolescenti
797 797 839 858 de
864 817 925 859 suo
950 796 1132 859 adfinxissc
1157 816 1277 869 mores,
1304 796 1398 856 dum-

201 915 307 977 modo
344 915 391 976 sic
428 916 679 978 nancisceretur
715 936 802 997 quae
838 924 930 978 recte
965 915 1207 997 eleganterque
1244 915 1331 977 inter
1363 935 1398 976 se

201 1042 468 1116 opponerentur,
495 1054 597 1116 quam
623 1035 656 1097 in
682 1036 771 1097 hunc
797 1035 953 1097 incidisse
977 1035 1119 1097 vitiosae
1144 1035 1306 1097 orationis
1326 1054 1398 1095 sco-

200 1152 330 1236 pulum.
356 1153 448 1234 Ergo
467 1162 601 1216 tantum
620 1154 717 1216 abest
737 1164 772 1216 ut
790 1174 867 1217 cum
888 1154 1099 1236 Nipperdeio
1104 1155 1185 1234 plus
1198 1175 1258 1236 pro
1270 1155 1399 1236 saepius

200 1274 440 1356 reponendum
464 1293 633 1347 censeam,
658 1283 694 1335 ut
718 1274 924 1335 contrarium
949 1282 1157 1355 exspectem.
1183 1272 1260 1334 Non
1283 1282 1398 1335 tamen

206 1394 326 1456 rarius
358 1391 410 1454 vel
441 1393 607 1455 eiusmodi
636 1390 764 1473 aliquid
790 1413 852 1474 pro
875 1394 1006 1475 saepius
1029 1392 1210 1473 legendum
1236 1391 1397 1466 coniici0;

204 1513 334 1576 leniore
368 1513 537 1576 medicina
562 1514 693 1575 restitui
717 1533 816 1594 posse
841 1513 973 1595 opinor,
998 1513 1090 1594 quod
1116 1512 1159 1574 ab
1183 1513 1276 1573 omni
1302 1521 1397 1593 parte

203 1632 431 1716 probandum,
457 1633 647 1713 Tacitoque
671 1634 904 1714 dignissimum
930 1632 982 1694 sit.
1005 1631 1182 1694 Vocabula
1202 1632 1292 1693 enim
1305 1632 1398 1712 faci·

200 1752 297 1816 litate
328 1761 364 1815 et
394 1753 564 1815 industria
596 1753 712 1815 sedem
741 1753 829 1814 inter
852 1772 888 1814 se
913 1760 1044 1814 mutare
1069 1750 1186 1812 iubeo:
1216 1750 1398 1829 „industria

201 1874 338 1955 saepius
359 1892 461 1954 quam
484 1871 645 1935 facilitate
666 1869 1004 1934 commendabatur.”
1025 1870 1101 1932 Hoc
1122 1879 1173 1932 est
1194 1870 1286 1951 quod
1300 1870 1398 1931 unice

200 1993 235 2054 in
269 1992 360 2054 hunc
391 1991 503 2054 locum
536 1991 736 2054 conveniat:
768 1991 853 2054 alter
886 1990 941 2052 ille
974 2010 1042 2052 non
1068 1997 1139 2051 erat
1164 1989 1303 2070 quidem
1327 1996 1398 2051 tam

200 2110 377 2193 eleganter
398 2112 570 2186 educatus,
593 2119 752 2173 nontam
774 2111 875 2186 mitia,
900 2110 993 2183 lenis,
1016 2109 1163 2172 urbanus
1182 2117 1272 2183 erat;
1294 2109 1399 2172 immo

201 2250 284 2293 vero
297 2229 516 2312 simplicitate
529 2250 588 2292 sua
602 2229 736 2312 plebeia
750 2230 936 2292 identidem
948 2228 1113 2310 peccabat
1122 2227 1401 2308 offendebatque;

202 2351 262 2413 sed
285 2350 366 2412 illud
389 2351 508 2413 vitium
529 2350 705 2425 industria,
725 2371 827 2432 saepe
849 2351 1002 2433 probata,
1025 2349 1121 2412 facile
1143 2349 1397 2430 compensabat.

204 2469 305 2532 Nunc
330 2478 422 2532 recte
447 2469 562 2532 omnia
586 2470 751 2551 disposita
775 2479 809 2531 et
834 2471 922 2532 inter
945 2490 981 2531 se
1005 2469 1164 2550 opposita
1187 2476 1275 2530 sunt.
1302 2468 1398 2530 Prae·

202 2599 298 2652 terea
316 2610 405 2652 nunc
425 2590 573 2671 denique
585 2591 715 2670 saepius
727 2609 794 2651 non
808 2589 917 2651 solum
930 2588 1007 2650 ferri
1021 2596 1144 2670 potest,
1158 2589 1217 2650 sed
1231 2589 1397 2670 quidquid

202 2728 332 2792 proco
357 2708 556 2791 reposueris,
582 2717 693 2770 totum
718 2707 831 2770 locum
857 2706 1056 2788 corruperis.

248 2885 293 2948 A.
327 2886 387 2960 Vl,
425 2887 473 2948 16.
510 2885 725 2949 Creditorum
756 2885 918 2947 avaritiae
949 2892 983 2946 et
1007 2883 1198 2947 crudelitati
1224 2884 1398 2965 quomodo

203 3006 344 3069 obviarn
368 3006 443 3068 ierit
468 3005 625 3067 Tiberius
650 3013 851 3077 narraturus
877 3003 925 3065 sic
949 3002 1088 3065 Tacitus
1111 3003 1247 3085 incipit:

251 3124 362 3205 ,Sane
388 3135 485 3188 vetus
509 3124 582 3186 urbi
607 3122 767 3186 faenebre
787 3121 912 3185 malum
934 3131 969 3184 et
989 3123 1194 3183 seditionum
1216 3122 1397 3184 discordia·

203 3264 347 3325 rumque
367 3244 572 3306 creberrima
592 3262 703 3316 causa,
723 3262 832 3324 eoque
853 3240 1077 3304 cohibebatur
1097 3242 1245 3322 antiquis
1261 3262 1397 3323 quoque

205 3371 239 3426 et
265 3364 377 3425 minus
401 3362 569 3444 corruptis
594 3359 775 3423 moribus’'

250 3483 300 3547 Ut
332 3483 454 3565 aliquis
486 3483 538 3545 his
568 3482 648 3544 insit
677 3501 803 3555 sensus,
836 3481 1053 3554 cohibebatur,
1087 3481 1121 3542 id
1154 3482 1246 3562 quod
1280 3491 1398 3544 vetant

203 3603 371 3667 sermonis
401 3603 502 3684 leges
536 3602 584 3664 ita
607 3610 659 3664 est
681 3601 918 3682 accipiendum
944 3610 979 3662 ut
1005 3621 1066 3682 pro
1091 3600 1299 3663 cohibendum
1324 3614 1399 3665 erat

202 3725 245 3787 sit
277 3724 438 3806 positum,
470 3731 505 3784 et
537 3742 578 3784 ne
610 3722 657 3783 sic
688 3720 827 3801 quidem
858 3720 1027 3783 sententia
1055 3721 1202 3783 nascitur
1226 3719 1398 3811 eleganter

205 3845 400 3923 diserteque
435 3841 621 3904 enuntiata.
667 3840 764 3901 Hanc
801 3839 951 3913 habebis,
987 3841 1014 3902 si
1051 3861 1112 3921 pro
1147 3862 1243 3921 eoque
1279 3840 1398 3919 legeris

203 3983 366 4046 aegreque
385 3960 439 4023 vel
459 3959 549 4023 aliud
571 3959 771 4022 adverbium
793 3958 825 4020 in
847 3960 991 4020 eandem
1012 3959 1233 4021 sententiam:
1249 3959 1399 4021 moribus

204 4102 342 4164 quoque
373 4081 521 4162 antiquis
546 4079 687 4142 arduum
714 4086 785 4140 erat
811 4078 984 4158 negotium
1010 4077 1157 4140 foenoris
1181 4079 1398 4141 incommoda

206 4222 374 4276 coercere,
399 4210 470 4263 tam
495 4200 720 4262 inveteratum
746 4197 828 4259 illud
854 4198 977 4260 malum
1003 4207 1085 4260 erat.

251 4383 294 4445 A.
315 4382 376 4455 Vl,
402 4383 449 4443 18.
472 4380 605 4460 ,Etiam
619 4380 652 4441 in
666 4378 865 4459 Pompeiam
880 4377 1064 4440 Macrinam
1078 4378 1216 4441 exilium
1230 4380 1398 4454 statuitur,
