<?xml version="1.0" encoding="UTF-8"?>
<!DOCTYPE html PUBLIC "-//W3C//DTD XHTML 1.0 Transitional//EN"
    "http://www.w3.org/TR/xhtml1/DTD/xhtml1-transitional.dtd">
<html xmlns="http://www.w3.org/1999/xhtml" xml:lang="en" lang="en">
 <head>
  <title>
</title>
<meta http-equiv="Content-Type" content="text/html;charset=utf-8" />
  <meta name='ocr-system' content='tesseract 3.04.00' />
  <meta name='ocr-capabilities' content='ocr_page ocr_carea ocr_par ocr_line ocrx_word'/>
</head>
<body>
  <div class='ocr_page' id='page_1' title='image "./analectatacitea00hartgoog_0103.png"; bbox 0 0 3210 5274; ppageno 0'>
   <div class='ocr_carea' id='block_1_1' title="bbox 964 377 1008 443">
    <p class='ocr_par' dir='ltr' id='par_1_1' title="bbox 964 377 1008 443">
     <span class='ocr_line' id='line_1_1' title="bbox 964 377 1008 443; baseline 0 -19"><span class='ocrx_word' id='word_1_1' title='bbox 964 377 1008 443; x_wconf 86' lang='lat'>92</span> 
     </span>
    </p>
   </div>
   <div class='ocr_carea' id='block_1_2' title="bbox 391 540 1583 983">
    <p class='ocr_par' dir='ltr' id='par_1_2' title="bbox 391 540 1583 983">
     <span class='ocr_line' id='line_1_2' title="bbox 391 540 1574 606; baseline 0 -2"><span class='ocrx_word' id='word_1_2' title='bbox 391 552 468 606; x_wconf 89' lang='lat' dir='ltr'>sunt</span> <span class='ocrx_word' id='word_1_3' title='bbox 493 544 644 606; x_wconf 88' lang='lat' dir='ltr'>eiusdem</span> <span class='ocrx_word' id='word_1_4' title='bbox 670 544 716 605; x_wconf 84' lang='lat' dir='ltr'>rei</span> <span class='ocrx_word' id='word_1_5' title='bbox 742 543 880 606; x_wconf 90' lang='lat' dir='ltr'>nomina</span> <span class='ocrx_word' id='word_1_6' title='bbox 902 542 982 605; x_wconf 74' lang='lat' dir='ltr'>duo,</span> <span class='ocrx_word' id='word_1_7' title='bbox 1007 541 1095 604; x_wconf 87' lang='lat' dir='ltr'>Tum</span> <span class='ocrx_word' id='word_1_8' title='bbox 1119 540 1185 604; x_wconf 91' lang='lat' dir='ltr'>hoc</span> <span class='ocrx_word' id='word_1_9' title='bbox 1209 542 1308 605; x_wconf 85' lang='lat' dir='ltr'>addit</span> <span class='ocrx_word' id='word_1_10' title='bbox 1333 542 1433 604; x_wconf 87' lang='lat' dir='ltr'>victis</span> <span class='ocrx_word' id='word_1_11' title='bbox 1457 543 1574 605; x_wconf 86' lang='lat' dir='ltr'>unicum</span> 
     </span>
     <span class='ocr_line' id='line_1_3' title="bbox 393 660 1578 743; baseline -0.001 -20"><span class='ocrx_word' id='word_1_12' title='bbox 393 663 555 725; x_wconf 84' lang='lat' dir='ltr'>solacium</span> <span class='ocrx_word' id='word_1_13' title='bbox 587 682 660 724; x_wconf 91' lang='lat' dir='ltr'>esse</span> <span class='ocrx_word' id='word_1_14' title='bbox 691 661 801 725; x_wconf 90' lang='lat' dir='ltr'>solere</span> <span class='ocrx_word' id='word_1_15' title='bbox 833 662 974 725; x_wconf 80' lang='lat' dir='ltr'>caedem</span> <span class='ocrx_word' id='word_1_16' title='bbox 1002 660 1281 743; x_wconf 85' lang='lat' dir='ltr'>sanguinemque,</span> <span class='ocrx_word' id='word_1_17' title='bbox 1308 662 1404 742; x_wconf 89' lang='lat' dir='ltr'>quod</span> <span class='ocrx_word' id='word_1_18' title='bbox 1429 671 1506 724; x_wconf 85' lang='lat' dir='ltr'>tunc</span> <span class='ocrx_word' id='word_1_19' title='bbox 1530 661 1578 722; x_wconf 89' lang='lat' dir='ltr'>Vi·</span> 
     </span>
     <span class='ocr_line' id='line_1_4' title="bbox 391 779 1581 863; baseline -0.001 -20"><span class='ocrx_word' id='word_1_20' title='bbox 391 782 519 844; x_wconf 86' lang='lat' dir='ltr'>telliani</span> <span class='ocrx_word' id='word_1_21' title='bbox 545 801 682 863; x_wconf 89' lang='lat' dir='ltr'>quoque</span> <span class='ocrx_word' id='word_1_22' title='bbox 707 782 787 844; x_wconf 86' lang='lat' dir='ltr'>victi</span> <span class='ocrx_word' id='word_1_23' title='bbox 808 781 877 844; x_wconf 87' lang='lat' dir='ltr'>sint</span> <span class='ocrx_word' id='word_1_24' title='bbox 896 779 1056 863; x_wconf 84' lang='lat' dir='ltr'>amplexi.</span> <span class='ocrx_word' id='word_1_25' title='bbox 1080 780 1171 861; x_wconf 85' lang='lat' dir='ltr'>Ergo</span> <span class='ocrx_word' id='word_1_26' title='bbox 1191 781 1239 843; x_wconf 89' lang='lat' dir='ltr'>sic</span> <span class='ocrx_word' id='word_1_27' title='bbox 1259 779 1433 861; x_wconf 85' lang='lat' dir='ltr'>legamus:</span> <span class='ocrx_word' id='word_1_28' title='bbox 1458 789 1581 859; x_wconf 80' lang='lat' dir='ltr'>„contra</span> 
     </span>
     <span class='ocr_line' id='line_1_5' title="bbox 394 899 1583 983; baseline -0.002 -20"><span class='ocrx_word' id='word_1_29' title='bbox 394 901 567 963; x_wconf 88' lang='lat' dir='ltr'>Vitelliani</span> <span class='ocrx_word' id='word_1_30' title='bbox 594 948 690 963; x_wconf 92' lang='grc'><strong>.....</strong></span> <span class='ocrx_word' id='word_1_31' title='bbox 717 901 907 983; x_wconf 83' lang='lat' dir='ltr'>inquietare</span> <span class='ocrx_word' id='word_1_32' title='bbox 941 899 1129 973; x_wconf 87' lang='lat' dir='ltr'>victoriam,</span> <span class='ocrx_word' id='word_1_33' title='bbox 1159 900 1282 961; x_wconf 87' lang='lat' dir='ltr'>morari</span> <span class='ocrx_word' id='word_1_34' title='bbox 1309 919 1450 981; x_wconf 87' lang='lat' dir='ltr'>pacem;</span> <span class='ocrx_word' id='word_1_35' title='bbox 1476 901 1583 962; x_wconf 88' lang='lat' dir='ltr'>domos</span> 
     </span>
    </p>
   </div>
   <div class='ocr_carea' id='block_1_3' title="bbox 394 1017 1584 1101">
    <p class='ocr_par' dir='ltr' id='par_1_3' title="bbox 394 1017 1584 1101">
     <span class='ocr_line' id='line_1_6' title="bbox 394 1017 1584 1101; baseline -0.002 -19"><span class='ocrx_word' id='word_1_36' title='bbox 394 1040 536 1101; x_wconf 86' lang='lat' dir='ltr'>arasque</span> <span class='ocrx_word' id='word_1_37' title='bbox 561 1039 680 1082; x_wconf 86' lang='lat' dir='ltr'>cruore</span> <span class='ocrx_word' id='word_1_38' title='bbox 705 1019 853 1093; x_wconf 81' lang='lat' dir='ltr'>foedare,</span> <span class='ocrx_word' id='word_1_39' title='bbox 877 1038 1035 1100; x_wconf 87' lang='lat' dir='ltr'>suprema</span> <span class='ocrx_word' id='word_1_40' title='bbox 1059 1017 1158 1081; x_wconf 88' lang='lat' dir='ltr'>victis</span> <span class='ocrx_word' id='word_1_41' title='bbox 1181 1017 1317 1091; x_wconf 83' lang='lat' dir='ltr'>solacia,</span> <span class='ocrx_word' id='word_1_42' title='bbox 1340 1019 1584 1101; x_wconf 80' lang='lat' dir='ltr'>amplecteban-</span> 
     </span>
    </p>
   </div>
   <div class='ocr_carea' id='block_1_4' title="bbox 393 1137 1591 2424">
    <p class='ocr_par' dir='ltr' id='par_1_4' title="bbox 393 1137 1584 1341">
     <span class='ocr_line' id='line_1_7' title="bbox 394 1137 1584 1221; baseline -0.002 -21"><span class='ocrx_word' id='word_1_43' title='bbox 394 1139 470 1201; x_wconf 88' lang='lat' dir='ltr'>tur&#39;’</span> <span class='ocrx_word' id='word_1_44' title='bbox 490 1148 526 1201; x_wconf 89' lang='lat' dir='ltr'>ut</span> <span class='ocrx_word' id='word_1_45' title='bbox 544 1140 655 1202; x_wconf 87' lang='lat' dir='ltr'><em>domos</em></span> <span class='ocrx_word' id='word_1_46' title='bbox 666 1139 862 1221; x_wconf 82' lang='lat' dir='ltr'>-foedare</span> <span class='ocrx_word' id='word_1_47' title='bbox 879 1138 1136 1219; x_wconf 88' lang='lat' dir='ltr'>quodammodo</span> <span class='ocrx_word' id='word_1_48' title='bbox 1148 1138 1192 1199; x_wconf 92' lang='lat' dir='ltr'>sit</span> <span class='ocrx_word' id='word_1_49' title='bbox 1204 1137 1299 1200; x_wconf 88' lang='lat' dir='ltr'>verbi</span> <span class='ocrx_word' id='word_1_50' title='bbox 1312 1138 1584 1221; x_wconf 78' lang='lat' dir='ltr'>amplectebantur</span> 
     </span>
     <span class='ocr_line' id='line_1_8' title="bbox 393 1257 1584 1341; baseline -0.002 -20"><span class='ocrx_word' id='word_1_51' title='bbox 393 1260 565 1321; x_wconf 88' lang='lat' dir='ltr'>obiectum</span> <span class='ocrx_word' id='word_1_52' title='bbox 593 1267 628 1321; x_wconf 90' lang='lat' dir='ltr'>et</span> <span class='ocrx_word' id='word_1_53' title='bbox 658 1258 883 1341; x_wconf 85' lang='lat' dir='ltr'>appositionis</span> <span class='ocrx_word' id='word_1_54' title='bbox 911 1257 989 1320; x_wconf 90' lang='lat' dir='ltr'>loco</span> <span class='ocrx_word' id='word_1_55' title='bbox 1012 1257 1137 1320; x_wconf 87' lang='lat' dir='ltr'>habeat</span> <span class='ocrx_word' id='word_1_56' title='bbox 1159 1269 1317 1340; x_wconf 79' lang='lat' dir='ltr'>suprema</span> <span class='ocrx_word' id='word_1_57' title='bbox 1340 1259 1441 1322; x_wconf 79' lang='lat' dir='ltr'>victis</span> <span class='ocrx_word' id='word_1_58' title='bbox 1462 1258 1584 1321; x_wconf 54' lang='lat' dir='ltr'>solacis.</span> 
     </span>
    </p>

    <p class='ocr_par' dir='ltr' id='par_1_5' title="bbox 394 1376 1585 1562">
     <span class='ocr_line' id='line_1_9' title="bbox 440 1376 1585 1460; baseline -0.002 -19"><span class='ocrx_word' id='word_1_59' title='bbox 440 1378 531 1441; x_wconf 88' lang='lat' dir='ltr'>Ann.</span> <span class='ocrx_word' id='word_1_60' title='bbox 562 1379 622 1453; x_wconf 90' lang='lat'>111,</span> <span class='ocrx_word' id='word_1_61' title='bbox 656 1397 710 1460; x_wconf 89' lang='lat'>49.</span> <span class='ocrx_word' id='word_1_62' title='bbox 743 1376 932 1441; x_wconf 88' lang='lat' dir='ltr'>Clutorium</span> <span class='ocrx_word' id='word_1_63' title='bbox 964 1377 1125 1451; x_wconf 81' lang='lat' dir='ltr'>Priscum,</span> <span class='ocrx_word' id='word_1_64' title='bbox 1158 1396 1282 1439; x_wconf 88' lang='lat' dir='ltr'>vanum</span> <span class='ocrx_word' id='word_1_65' title='bbox 1314 1376 1413 1439; x_wconf 90' lang='lat' dir='ltr'>illum</span> <span class='ocrx_word' id='word_1_66' title='bbox 1445 1387 1585 1460; x_wconf 82' lang='lat' dir='ltr'>poetam,</span> 
     </span>
     <span class='ocr_line' id='line_1_10' title="bbox 394 1497 1117 1562; baseline -0.006 0"><span class='ocrx_word' id='word_1_67' title='bbox 394 1500 466 1562; x_wconf 88' lang='lat' dir='ltr'>sola</span> <span class='ocrx_word' id='word_1_68' title='bbox 491 1498 630 1561; x_wconf 88' lang='lat' dir='ltr'>Vitellia</span> <span class='ocrx_word' id='word_1_69' title='bbox 655 1498 852 1561; x_wconf 87' lang='lat' dir='ltr'>testimonio</span> <span class='ocrx_word' id='word_1_70' title='bbox 875 1517 936 1560; x_wconf 93' lang='lat' dir='ltr'>suo</span> <span class='ocrx_word' id='word_1_71' title='bbox 961 1497 1117 1560; x_wconf 86' lang='lat' dir='ltr'>iuvabat:</span> 
     </span>
    </p>

    <p class='ocr_par' dir='ltr' id='par_1_6' title="bbox 447 1614 1371 1699">
     <span class='ocr_line' id='line_1_11' title="bbox 447 1614 1371 1699; baseline -0.005 -18"><span class='ocrx_word' id='word_1_72' title='bbox 447 1621 524 1699; x_wconf 76' lang='lat' dir='ltr'>„sed</span> <span class='ocrx_word' id='word_1_73' title='bbox 550 1616 770 1699; x_wconf 84' lang='lat' dir='ltr'>arguentibus</span> <span class='ocrx_word' id='word_1_74' title='bbox 793 1617 835 1679; x_wconf 90' lang='lat' dir='ltr'>ad</span> <span class='ocrx_word' id='word_1_75' title='bbox 862 1617 1046 1699; x_wconf 88' lang='lat' dir='ltr'>perniciem</span> <span class='ocrx_word' id='word_1_76' title='bbox 1072 1615 1147 1697; x_wconf 91' lang='lat' dir='ltr'>plus</span> <span class='ocrx_word' id='word_1_77' title='bbox 1170 1614 1250 1678; x_wconf 88' lang='lat' dir='ltr'>fidei</span> <span class='ocrx_word' id='word_1_78' title='bbox 1275 1614 1371 1677; x_wconf 84' lang='lat' dir='ltr'>suit’&#39;.</span> 
     </span>
    </p>

    <p class='ocr_par' dir='ltr' id='par_1_7' title="bbox 397 1734 1591 2424">
     <span class='ocr_line' id='line_1_12' title="bbox 445 1734 1591 1818; baseline 0 -19"><span class='ocrx_word' id='word_1_79' title='bbox 445 1737 522 1799; x_wconf 91' lang='lat' dir='ltr'>Non</span> <span class='ocrx_word' id='word_1_80' title='bbox 553 1735 683 1818; x_wconf 86' lang='lat' dir='ltr'>virgula</span> <span class='ocrx_word' id='word_1_81' title='bbox 715 1736 769 1798; x_wconf 93' lang='lat' dir='ltr'>hic</span> <span class='ocrx_word' id='word_1_82' title='bbox 801 1754 887 1816; x_wconf 91' lang='lat' dir='ltr'>opus</span> <span class='ocrx_word' id='word_1_83' title='bbox 914 1743 965 1797; x_wconf 86' lang='lat' dir='ltr'>est</span> <span class='ocrx_word' id='word_1_84' title='bbox 990 1735 1032 1798; x_wconf 92' lang='lat' dir='ltr'>ad</span> <span class='ocrx_word' id='word_1_85' title='bbox 1057 1734 1231 1817; x_wconf 86' lang='lat' dir='ltr'>scriptoris</span> <span class='ocrx_word' id='word_1_86' title='bbox 1253 1736 1464 1798; x_wconf 89' lang='lat' dir='ltr'>sententiam</span> <span class='ocrx_word' id='word_1_87' title='bbox 1488 1736 1591 1799; x_wconf 86' lang='lat' dir='ltr'>decla·</span> 
     </span>
     <span class='ocr_line' id='line_1_13' title="bbox 399 1855 1591 1937; baseline -0.001 -19"><span class='ocrx_word' id='word_1_88' title='bbox 399 1857 556 1931; x_wconf 84' lang='lat' dir='ltr'>randam;</span> <span class='ocrx_word' id='word_1_89' title='bbox 591 1855 799 1917; x_wconf 88' lang='lat' dir='ltr'>monendum</span> <span class='ocrx_word' id='word_1_90' title='bbox 832 1855 1072 1918; x_wconf 86' lang='lat' dir='ltr'>tantummodo</span> <span class='ocrx_word' id='word_1_91' title='bbox 1104 1862 1156 1916; x_wconf 88' lang='lat' dir='ltr'>est</span> <span class='ocrx_word' id='word_1_92' title='bbox 1180 1874 1222 1916; x_wconf 89' lang='lat' dir='ltr'>ne</span> <span class='ocrx_word' id='word_1_93' title='bbox 1244 1890 1289 1900; x_wconf 94' lang='lat'>—</span> <span class='ocrx_word' id='word_1_94' title='bbox 1312 1855 1348 1917; x_wconf 92' lang='lat' dir='ltr'>id</span> <span class='ocrx_word' id='word_1_95' title='bbox 1374 1857 1470 1935; x_wconf 92' lang='lat' dir='ltr'>quod</span> <span class='ocrx_word' id='word_1_96' title='bbox 1497 1855 1591 1937; x_wconf 86' lang='lat' dir='ltr'>vulgo</span> 
     </span>
     <span class='ocr_line' id='line_1_14' title="bbox 398 1973 1591 2059; baseline -0.002 -19"><span class='ocrx_word' id='word_1_97' title='bbox 398 1978 436 2040; x_wconf 87' lang='lat' dir='ltr'>fit</span> <span class='ocrx_word' id='word_1_98' title='bbox 459 2014 503 2022; x_wconf 88' lang='lat'>-</span> <span class='ocrx_word' id='word_1_99' title='bbox 526 1977 574 2039; x_wconf 86' lang='lat' dir='ltr'>ad</span> <span class='ocrx_word' id='word_1_100' title='bbox 588 1977 769 2059; x_wconf 80' lang='lat' dir='ltr'>perniciem</span> <span class='ocrx_word' id='word_1_101' title='bbox 795 1995 871 2037; x_wconf 83' lang='lat' dir='ltr'>curn</span> <span class='ocrx_word' id='word_1_102' title='bbox 895 1973 1112 2058; x_wconf 84' lang='lat' dir='ltr'>arguentibus</span> <span class='ocrx_word' id='word_1_103' title='bbox 1135 1975 1304 2056; x_wconf 81' lang='lat' dir='ltr'>iungatur,</span> <span class='ocrx_word' id='word_1_104' title='bbox 1329 1994 1419 2056; x_wconf 88' lang='lat' dir='ltr'>quae</span> <span class='ocrx_word' id='word_1_105' title='bbox 1443 1975 1591 2039; x_wconf 86' lang='lat' dir='ltr'>intolera-</span> 
     </span>
     <span class='ocr_line' id='line_1_15' title="bbox 398 2092 1589 2178; baseline -0.003 -19"><span class='ocrx_word' id='word_1_106' title='bbox 398 2097 474 2159; x_wconf 88' lang='lat' dir='ltr'>bilis</span> <span class='ocrx_word' id='word_1_107' title='bbox 497 2104 548 2157; x_wconf 89' lang='lat' dir='ltr'>est</span> <span class='ocrx_word' id='word_1_108' title='bbox 573 2094 770 2157; x_wconf 85' lang='lat' dir='ltr'>verbositas.</span> <span class='ocrx_word' id='word_1_109' title='bbox 795 2093 881 2157; x_wconf 89' lang='lat' dir='ltr'>Cum</span> <span class='ocrx_word' id='word_1_110' title='bbox 898 2094 979 2177; x_wconf 80' lang='lat' dir='ltr'>plus</span> <span class='ocrx_word' id='word_1_111' title='bbox 995 2094 1080 2178; x_wconf 80' lang='lat' dir='ltr'>fidei</span> <span class='ocrx_word' id='word_1_112' title='bbox 1094 2094 1172 2176; x_wconf 85' lang='lat' dir='ltr'>fuit</span> <span class='ocrx_word' id='word_1_113' title='bbox 1194 2092 1406 2175; x_wconf 85' lang='lat' dir='ltr'>iungendum</span> <span class='ocrx_word' id='word_1_114' title='bbox 1432 2094 1513 2157; x_wconf 93' lang='lat' dir='ltr'>illud</span> <span class='ocrx_word' id='word_1_115' title='bbox 1533 2102 1589 2168; x_wconf 85' lang='lat' dir='ltr'>est,</span> 
     </span>
     <span class='ocr_line' id='line_1_16' title="bbox 397 2211 1589 2294; baseline -0.003 -17"><span class='ocrx_word' id='word_1_116' title='bbox 397 2225 434 2277; x_wconf 91' lang='lat' dir='ltr'>ut</span> <span class='ocrx_word' id='word_1_117' title='bbox 454 2214 519 2276; x_wconf 93' lang='lat' dir='ltr'>hoc</span> <span class='ocrx_word' id='word_1_118' title='bbox 540 2214 648 2275; x_wconf 87' lang='lat' dir='ltr'>dicat:</span> <span class='ocrx_word' id='word_1_119' title='bbox 673 2213 748 2294; x_wconf 81' lang='lat' dir='ltr'>„qui</span> <span class='ocrx_word' id='word_1_120' title='bbox 769 2233 872 2294; x_wconf 86' lang='lat' dir='ltr'>grave</span> <span class='ocrx_word' id='word_1_121' title='bbox 892 2213 1055 2275; x_wconf 87' lang='lat' dir='ltr'>dicebant</span> <span class='ocrx_word' id='word_1_122' title='bbox 1073 2211 1306 2274; x_wconf 88' lang='lat' dir='ltr'>testimonium</span> <span class='ocrx_word' id='word_1_123' title='bbox 1326 2211 1404 2294; x_wconf 92' lang='lat' dir='ltr'>plus</span> <span class='ocrx_word' id='word_1_124' title='bbox 1425 2213 1589 2286; x_wconf 83' lang='lat' dir='ltr'>valebant,</span> 
     </span>
     <span class='ocr_line' id='line_1_17' title="bbox 397 2331 1015 2424; baseline 0 -28"><span class='ocrx_word' id='word_1_125' title='bbox 397 2336 440 2396; x_wconf 92' lang='lat' dir='ltr'>ad</span> <span class='ocrx_word' id='word_1_126' title='bbox 466 2335 624 2396; x_wconf 87' lang='lat' dir='ltr'>miserum</span> <span class='ocrx_word' id='word_1_127' title='bbox 650 2354 744 2396; x_wconf 88' lang='lat' dir='ltr'>reum</span> <span class='ocrx_word' id='word_1_128' title='bbox 769 2331 1015 2424; x_wconf 76' lang='lat' dir='ltr'>perdendum”.</span> 
     </span>
    </p>
   </div>
   <div class='ocr_carea' id='block_1_5' title="bbox 0 0 1610 5274">
    <p class='ocr_par' dir='ltr' id='par_1_8' title="bbox 0 0 1610 5274">
     <span class='ocr_line' id='line_1_18' title="bbox 0 0 1610 5274; baseline 0 0"><span class='ocrx_word' id='word_1_129' title='bbox 0 0 1610 5274; x_wconf 95' lang='lat' dir='ltr'> </span> 
     </span>
    </p>
   </div>
  </div>
 </body>
</html>
