3210 5274
723 416 781 481 301

199 581 293 647 Otho
318 580 368 643 VI
405 581 579 643 Vitelliani
616 580 889 644 Othonianorum
926 580 1103 643 mollitiem
1135 581 1350 663 increpantes

155 701 243 764 ultro
276 701 319 762 ad
349 699 448 763 fortia
471 721 530 763 eos
555 700 643 763 lacta
667 701 827 762 incitant:
851 696 928 762 οὕτω
955 698 1018 779 γοδρ
1043 698 1266 779 ἐταράχθησαν
1290 700 1348 763 ὑπὸ

154 819 269 883 τούτων
294 824 352 881 τῶν
375 819 492 881 ὀνειδῶν
516 818 569 882 καὶ
595 816 763 892 διειιοὶηοαν
786 818 851 882 κτὲ.
877 819 1043 896 Convitia,
1070 831 1106 884 ut
1126 822 1257 904 opinor,
1278 842 1348 885 non

149 940 354 1024 perturbant
382 942 465 1023 (ie.
498 950 590 1003 metu
622 940 789 1023 implent),
821 941 880 1003 sed
914 950 1127 1024 exasperant.
1161 942 1252 1023 Ergo
1286 962 1347 1024 pro

154 1059 377 1138 ἐταράχθησαν
398 1061 579 1143 legendum
600 1061 664 1123 erit
684 1056 923 1138 ἕχαροέχοησαν.
945 1061 1052 1124 Amat
1073 1061 1270 1124 Plutarchus
1290 1081 1348 1124 vo·

154 1180 275 1243 cabula
306 1181 444 1263 tragica.
469 1181 591 1263 Cogita
614 1181 669 1243 hic
693 1182 736 1243 de
762 1181 947 1263 Euripideo
972 1181 1045 1244 illo:
1071 1181 1096 1243 εἰ
1124 1180 1155 1244 δὲ
1181 1176 1233 1251 σος
1257 1177 1347 1250 πόσις

155 1298 247 1361 καινοὶ
271 1298 354 1378 λέχη
379 1299 497 1381 σεβίζει
523 1299 629 1382 (κοινὸν
653 1298 734 1382 τάδε)
760 1301 804 1374 μη
827 1297 1005 1379 χαρασσοιι.

200 1420 249 1482 lb.
276 1420 404 1483 Valens
428 1421 589 1483 molestus
613 1429 685 1483 erat
705 1421 900 1483 civitatibus
925 1421 1052 1495 Italiae,
1077 1422 1119 1483 ad
1145 1441 1229 1503 quas
1253 1441 1347 1484 acce·

153 1539 269 1614 debat,
299 1548 333 1602 et
366 1541 438 1602 aliis
471 1541 570 1603 rebus
600 1549 634 1603 et
658 1542 750 1622 quod
779 1541 916 1620 „bracas
940 1540 1099 1603 indutus”
1124 1541 1241 1622 (verba
1265 1542 1349 1605 haec

151 1668 230 1721 sunt
262 1659 372 1722 Taciti
405 1659 449 1722 H.
481 1660 524 1735 II,
559 1661 612 1742 20)
645 1670 717 1724 erat
748 1659 885 1735 σημείοις
920 1658 973 1722 καὶ
1006 1658 1137 1739 ἄρχοντι
1163 1660 1346 1737 Ῥωμαϊκοῖς

152 1776 387 1855 διαλεγόμενος.
410 1780 534 1842 Merito
553 1790 748 1862 suspectum
769 1781 873 1844 habet
894 1779 1032 1856 σημείοις
1054 1779 1265 1857 Sintenisius,
1288 1782 1348 1845 sed

153 1898 259 1961 facilis
282 1908 334 1961 cst
359 1900 573 1974 emendatio;
600 1900 682 1962 nihil
706 1900 795 1963 aliud
821 1901 911 1963 enim
936 1901 982 1962 ibi
1003 1901 1087 1963 latet
1107 1922 1209 1982 quam
1230 1899 1348 1978 δήμοις.

153 2016 209 2083 Sic
234 2039 295 2080 suo
319 2039 412 2081 more
437 2018 555 2099 (δήμοις
582 2016 634 2080 καὶ
660 2015 792 2097 ἄρχουσι
814 2016 1010 2100 Ῥωμαϊκοῖς)
1032 2019 1230 2084 Plutarchus
1252 2020 1349 2084 Taci-

153 2146 246 2200 teum
271 2150 399 2221 togatos
421 2137 617 2220 amplificat.

198 2257 369 2322 Continuo
382 2260 550 2340 sequitur:
572 2256 623 2320 nul
645 2259 701 2328 την
721 2264 858 2333 γυναῖκα
879 2255 1085 2336 παρέπεμπον
1105 2258 1189 2337 αὐτῷ
1210 2256 1349 2335 λογάδην

153 2377 262 2446 ἱππεῖς
282 2377 454 2456 ὀχουμένην
467 2374 552 2455 ἵππῳ
565 2375 753 2452 κεκοσμένηι
766 2377 937 2457 ἐπιφανῶς.
960 2378 1074 2441 Etiam
1087 2378 1177 2460 apud
1191 2379 1348 2442 Tacitum

153 2506 231 2579 post
255 2496 421 2560 Caecinae
447 2498 564 2560 bracas
588 2497 660 2560 illas
685 2506 968 2560 commemoratas
993 2498 1155 2561 continuo
1179 2499 1347 2579 sequitur:

201 2637 429 2697 „uxoremque
451 2618 521 2679 eius
543 2616 748 2692 Saloninam,
770 2637 977 2699 quamquam
998 2617 1031 2679 in
1053 2617 1174 2681 nullius
1194 2618 1348 2680 iniuriam

153 2736 292 2817 insignis
318 2756 407 2817 equo
432 2745 594 2818 ostroque
619 2735 821 2800 veheretur”

154 2875 232 2917 nam
265 2856 319 2918 hic
351 2856 564 2919 retinendam
594 2857 756 2919 traditam
787 2855 971 2918 lectionem
995 2856 1146 2939 insignis,
1172 2876 1240 2918 non
1267 2857 1349 2920 reci·

155 2975 315 3056 piendam
349 2975 524 3037 Puteolani
548 2977 795 3037 correctionem
819 2975 951 3057 insigni,
978 2975 1175 3037 testimonio
1199 2984 1250 3037 est
1275 2976 1350 3039 Plu·

154 3094 299 3168 tarchus,
325 3096 382 3174 qui
408 3096 538 3177 etipse
564 3095 654 3158 illam
680 3095 778 3157 nobis
801 3096 961 3158 traditam
986 3094 1169 3158 lectionem
1193 3096 1350 3160 habuerit

154 3223 233 3275 ante
253 3212 386 3275 oculos:
408 3214 539 3276 duabus
560 3215 660 3277 rebus
680 3212 876 3277 Saloninam
897 3213 1014 3276 oculos
1035 3213 1068 3275 in
1088 3234 1124 3276 se
1142 3215 1349 3277 convertisse

155 3341 278 3406 narrat,
303 3332 337 3394 et
361 3333 454 3413 quod
479 3353 568 3415 equo
593 3333 781 3396 vehebatur
805 3334 840 3395 et
859 3333 951 3414 quod
973 3353 1121 3415 purpura
1141 3334 1260 3396 induta
1276 3343 1349 3397 erat

153 3452 236 3533 ipsa.
270 3451 379 3533 Ipsius
411 3453 488 3533 equi
513 3453 680 3534 insignem
704 3460 860 3515 ornatum
885 3451 938 3514 vel
964 3452 1172 3534 praeclaram
1197 3454 1347 3535 speciem

154 3590 265 3651 neque
297 3569 496 3633 Plutarchus
526 3579 772 3634 commemorat
805 3591 914 3653 neque
938 3570 1087 3635 Tacitus.
1113 3571 1230 3654 Atque
1254 3574 1345 3655 apud

155 3690 371 3752 Plutarchum
396 3690 671 3753 terminationem
699 3712 751 3762 νην
775 3710 920 3771 sequens
944 3691 1070 3752 vocalis
1094 3691 1138 3753 ab
1162 3691 1254 3754 omni
1276 3711 1349 3754 mu·

153 3809 248 3871 tandi
272 3809 451 3871 conamine
476 3807 640 3870 defendit.

197 3926 291 3991 Otho
317 3928 401 3991 VIII
435 3928 603 3992 Proelium
636 3927 770 3990 differre
804 3928 961 3990 Paulinus
993 3949 1012 3991 e
1044 3948 1079 3991 re
1104 3927 1250 3992 Othonis
1274 3950 1347 3993 esse

154 4058 282 4124 monet,
308 4057 427 4131 utpote
453 4049 510 4130 qui
534 4071 553 4111 e
579 4048 708 4110 Moesia
731 4056 766 4110 et
790 4048 965 4110 Pannonia
989 4068 1128 4129 magnas
1148 4050 1251 4111 etiam
1272 4070 1349 4132 pos·

151 4169 196 4230 sit
227 4177 426 4250 exspectare
459 4169 585 4250 copiaS,
617 4165 655 4230 διν
680 4166 731 4230 τὸν
757 4166 851 4228 αὑτοῦ
877 4166 1024 4245 περιμὲνη
1049 4166 1163 4245 καιρόν,
1188 4168 1277 4230 duit
1300 4169 1345 4242 μη

151 4295 316 4367 στρατηγῇ
348 4287 421 4365 πρὸς
452 4287 503 4349 τδν
528 4291 587 4349 τῶν
612 4284 778 4361 πολεμίων.
806 4286 909 4348 Nihili
934 4287 1041 4362 istud;
1067 4288 1144 4350 dele
1166 4288 1229 4363 τόν,
1253 4289 1346 4370 quod

151 4416 229 4491 post
253 4403 325 4484 πρός
347 4406 480 4489 legitur,
502 4417 538 4470 ut
558 4408 695 4491 elegans
715 4408 871 4470 obtineas
892 4407 1039 4470 dictum:
1060 4416 1250 4487 στρατηγεῖν
1272 4404 1346 4486 πρδς
