3292 5280
781 373 843 436 124

214 556 314 616 quam
341 536 484 616 cupidus
508 556 580 598 esse
605 536 724 599 debuit
747 536 902 618 scriptor,
926 537 983 618 qui
1008 536 1192 598 immanem
1215 536 1312 600 illurn
1333 538 1413 602 Ger-

214 656 336 717 manici
369 676 528 730 errorem,
560 656 675 736 copias
707 675 774 717 non
806 675 846 718 ea
878 655 959 736 ripa,
992 674 1060 735 qua
1091 657 1308 737 pergendum
1331 665 1410 738 erat,

212 775 419 856 exponentis
443 773 510 836 lere
536 772 734 848 dissimulet,
756 782 848 836 certe
868 793 936 836 non
956 773 1155 855 gravissima
1175 774 1413 856 obiurgatione

212 891 404 974 vituperet?
430 893 556 956 Fateor
580 893 772 955 mortalium
799 893 970 955 neminem
994 913 1048 956 me
1073 895 1181 975 magis
1205 914 1282 957 esse

511 1008 636 1089 ἄπειρον
661 1009 886 1074 ilaetdrrorov
910 1009 1121 1088 dexterrime

214 1140 248 1193 et
273 1139 387 1194 tamen
412 1140 541 1212 quanta
564 1131 620 1194 illa
641 1131 739 1194 luerit
760 1131 953 1195 Germanici
974 1131 1118 1195 stultitia
1137 1133 1278 1214 penitus
1295 1135 1411 1196 sentio.

214 1250 369 1313 Avorum
402 1260 591 1314 nostrorum
624 1254 797 1327 memoria,
830 1272 906 1314 cum
940 1251 1030 1315 nulla
1058 1252 1113 1315 hic
1137 1252 1269 1315 fiebant
1293 1254 1410 1317 itinera

215 1372 275 1433 nisi
309 1370 450 1452 placidis
482 1369 546 1433 illis
577 1371 729 1452 navigiis
761 1392 848 1453 quae
877 1370 1025 1435 remulco
1049 1371 1285 1447 trahebantur,
1310 1381 1346 1435 et
1369 1375 1408 1436 ad

213 1510 301 1571 quae
333 1490 482 1570 regenda
513 1490 571 1551 vix
602 1489 669 1553 ulla
701 1511 786 1572 opus
817 1498 889 1553 erat
920 1491 1050 1572 peritia,
1074 1499 1191 1554 tamen
1217 1491 1331 1555 nullus
1355 1513 1410 1555 un·

214 1629 316 1690 quarn
349 1618 460 1683 nauta,
492 1617 529 1671 ut
557 1609 689 1691 opinor,
713 1610 879 1672 eiusmodi
904 1609 1031 1691 aliquid
1056 1610 1228 1673 commisit
1355 1619 1410 1674 aut

216 1737 376 1810 expertus
411 1737 462 1791 est
494 1737 669 1792 vectorum
700 1727 880 1810 tranquille
912 1729 1089 1810 otioseque
1120 1728 1409 1793 confabulantium

216 1869 319 1911 unum
340 1856 454 1910 tamen
476 1856 510 1910 et
529 1847 672 1911 alterum
693 1848 920 1911 cerebrosum.
941 1848 1136 1912 Laudamus
1153 1848 1342 1922 Tiberium,
1357 1849 1409 1931 qui

215 1977 285 2030 tam
306 1969 499 2050 imperitum
521 1969 694 2050 copiarum
715 1970 838 2031 ducem
857 1989 959 2050 quam
981 1968 1125 2051 primum
1139 1968 1220 2030 inde
1234 1969 1409 2042 revocarit,

215 2086 272 2149 ubi
304 2106 477 2150 remanere
510 2108 577 2150 non
603 2096 718 2170 posset
742 2089 814 2150 sine
837 2087 1009 2170 legionum
1034 2087 1184 2169 pernicie
1207 2107 1408 2170 summoque

214 2205 419 2288 reipublicae
452 2208 669 2270 detrimento.
702 2207 876 2289 Quidquid
902 2208 935 2269 in
960 2207 1142 2271 Germania
1166 2205 1248 2269 secit
1273 2206 1407 2270 Germa·

213 2326 307 2388 nicus
327 2327 441 2388 omnia
462 2335 495 2388 et
517 2326 648 2389 inutilia
668 2347 803 2408 prorsus
823 2325 958 2389 fuerunt
975 2332 1009 2388 et
1025 2325 1164 2408 periculi
1178 2325 1291 2408 plena.
1306 2325 1406 2389 Velut

213 2446 277 2507 hoc
310 2454 361 2507 est
392 2448 484 2528 quod
509 2466 537 2508 c.
564 2461 602 2526 25
637 2455 800 2522 narratur,
832 2467 1012 2529 puerorum
1035 2445 1116 2530 ludo
1139 2445 1283 2509 similius
1307 2466 1404 2528 quam

214 2566 372 2646 prudenti
397 2566 611 2647 imperatoris
635 2567 793 2631 consilio:

263 2684 412 2763 ,Marsos
443 2686 608 2767 irrumpit,
636 2706 780 2767 quorum
804 2686 874 2748 dux
899 2664 1136 2747 Mallovendus
1159 2705 1269 2767 nuper
1293 2685 1328 2747 in
1353 2685 1404 2748 de

212 2803 376 2866 ditionem
398 2814 559 2885 acceptus
578 2806 772 2887 propinquo
793 2805 868 2867 loco
889 2804 1058 2867 defossam
1076 2803 1246 2911 Varianap
1266 2802 1405 2885 legionis

211 2922 359 3003 aquilam
396 2924 530 2985 modico
566 2925 735 3004 praesidio
769 2924 894 2986 servari
926 2923 1063 2985 indicat.
1097 2923 1201 2984 Missa
1232 2921 1404 3003 extemplo

126 3060 132 3069 ·
213 3060 341 3114 manus,
367 3060 453 3120 quae
477 3041 610 3104 hostem
633 3063 653 3104 a
678 3042 788 3104 sronte
812 3043 959 3112 eliceret,
983 3041 1051 3116 alii,
1071 3040 1129 3122 qui
1150 3049 1248 3122 terga
1267 3041 1403 3103 circum·

211 3158 314 3238 gressi
340 3159 553 3222 recluderent
577 3160 734 3236 humum;
760 3170 794 3223 et
820 3162 968 3242 utrisque
993 3159 1102 3223 adfuit
1127 3159 1296 3222 lortuna''.

257 3275 470 3359 Quamquam
501 3280 674 3354 Romanis
698 3277 880 3357 ἁρπαγίνδκ
904 3279 1110 3354 ludentibus,
1134 3278 1321 3360 ineptiores
1345 3277 1404 3359 ipsi

212 3393 382 3472 Germani,
403 3398 460 3478 qui
481 3418 548 3459 uon
569 3400 722 3461 contenti
743 3398 856 3480 aquila
872 3399 964 3461 humi
981 3397 1116 3460 defossa
1132 3445 1140 3459 .
1154 3445 1162 3459 .
1178 3444 1185 3459 .
1199 3398 1403 3480 praesidium

212 3514 257 3576 ibi
280 3511 421 3596 ponunt,
441 3516 570 3579 scilicet
592 3517 653 3580 rati
674 3518 721 3580 sic
743 3518 862 3580 melius
881 3517 963 3580 illud
984 3517 1143 3591 κειμήλιον
1164 3516 1198 3578 in
1216 3536 1278 3579 sua
1295 3524 1404 3598 potes·

211 3641 281 3695 tate
313 3654 579 3715 permansurum,
613 3657 714 3717 quam
746 3637 772 3698 si
805 3636 880 3701 loco
912 3645 1000 3700 esset
1027 3637 1194 3711 abditum,
1220 3655 1325 3716 quem
1350 3635 1404 3697 vix

210 3755 389 3834 quisquam
414 3764 532 3817 notum
557 3755 708 3818 haberet.

255 3872 298 3934 A.
324 3873 367 3946 11,
393 3891 444 3952 34.
470 3874 508 3936 ln
530 3876 748 3956 praecedenti
769 3876 881 3958 capite
902 3884 1072 3939 narratum
1093 3883 1144 3937 est
1164 3875 1207 3938 de
1227 3875 1407 3938 sententiis

210 3992 243 4053 in
273 4000 391 4054 senatu
425 3993 524 4055 dictis
554 3995 917 4077 senatusconsultoque
949 3995 1040 4058 facto
1071 4015 1148 4057 cum
1182 3994 1345 4058 Haterius
1373 4003 1406 4057 et

210 4111 340 4174 Fronto
365 4112 407 4174 de
431 4111 511 4175 luxu
537 4117 727 4178 coercendo
752 4117 926 4180 dixissent.
952 4115 1130 4198 Sequitur:

256 4231 368 4309 ,Inter
392 4252 479 4313 quae
505 4234 543 4296 L.
569 4236 646 4298 Piso
670 4237 836 4299 ambitum
861 4235 934 4310 lori,
958 4243 1118 4317 corrupta
1141 4235 1278 4310 iudicia,
1299 4235 1409 4298 saevi·

208 4349 291 4411 tiam
324 4360 495 4414 oratorum
527 4355 759 4418 accusationes
792 4356 1019 4418 minitantium
1049 4356 1228 4436 increpans
1252 4354 1348 4417 abire
1372 4375 1409 4417 se
