3292 5280
787 410 850 474 ²4²

217 566 380 630 facessere
405 570 483 631 hinc
508 570 672 633 iubemus
700 571 779 654 Ipsa
804 591 888 634 voce
912 592 947 634 se
972 571 1027 634 hic
1052 571 1260 654 magistellus
1286 572 1412 654 prodit.

264 687 308 749 H.
334 686 376 763 V,
405 707 433 770 3.
458 688 592 752 Claram
616 690 698 752 mihi
723 689 896 754 affundere
921 688 1032 753 iucem
1057 709 1156 772 posse
1180 690 1301 753 videor
1326 689 1410 765 loco,

220 808 277 887 qui
303 806 466 869 hactenus
489 809 522 871 in
548 809 660 871 densis
684 808 782 872 latuit
804 809 964 872 tenebris.
991 809 1043 872 De
1068 809 1165 873 malis
1188 810 1313 891 quibus
1336 830 1414 873 con-

221 925 339 989 flictati
370 935 449 989 sunt
480 928 596 991 Iudaei
621 949 681 1011 per
705 929 840 992 deserta
864 949 988 992 novam
1011 938 1214 1012 quaerentes
1237 930 1356 992 sedem
1379 939 1414 993 et

221 1047 287 1110 alia
311 1056 344 1109 et
369 1047 452 1110 haec
478 1058 671 1111 narrantur:

270 1166 381 1247 „Nihil
412 1188 521 1250 aeque
552 1189 654 1250 quam
686 1168 801 1250 inopia
824 1189 933 1250 aquae
957 1168 1138 1250 fatigabat3
1164 1170 1300 1250 iamque
1324 1168 1413 1231 haud

222 1286 339 1368 procul
368 1287 472 1349 exitio
493 1289 574 1350 totis
597 1289 726 1370 campis
750 1288 1011 1370 procubuerant,
1036 1309 1113 1352 cum
1136 1309 1220 1371 grex
1243 1289 1413 1351 asinorum

222 1406 404 1487 agrestium
436 1426 454 1468 e
486 1415 584 1488 pastu
617 1407 650 1469 in
680 1427 799 1489 rupem
824 1426 963 1471 nemore
986 1427 1131 1489 opacam
1154 1409 1339 1470 concessit:
1364 1427 1414 1470 se·

221 1533 319 1588 cutus
351 1525 489 1607 Moyses
520 1527 714 1589 coniectura
745 1526 878 1589 herbidi
902 1526 964 1590 soli
988 1526 1098 1609 largas
1121 1547 1287 1609 aquarum
1310 1547 1413 1590 venas

222 1644 365 1727 aperit.”

268 1764 333 1828 Hic
365 1784 429 1846 ego
454 1784 521 1827 non
547 1765 677 1841 dubit0,
703 1767 784 1848 quin
808 1766 896 1829 istud
921 1766 1106 1829 conr'atura
1129 1765 1262 1829 herbidi
1283 1766 1346 1829 soli
1368 1766 1416 1828 in·

222 1884 294 1946 vito
318 1883 438 1946 Tacito
458 1884 492 1946 in
513 1892 646 1947 textum
667 1886 849 1967 irrepserit.
873 1886 945 1948 Iam
965 1886 1037 1968 ipse
1057 1905 1169 1948 sermo
1189 1884 1315 1949 fraudis
1335 1886 1416 1948 mihi

223 2005 329 2067 iniicit
352 2004 590 2087 suspicionem.
616 2004 819 2068 Coniectura
844 2003 975 2067 herbidi
999 2003 1077 2067 soli:
1102 2005 1177 2086 quis
1198 2025 1349 2087 unquam
1369 2007 1417 2068 sic

224 2121 356 2186 locutus
387 2131 455 2198 est,
488 2144 564 2186 cum
588 2123 653 2185 hoc
678 2123 797 2186 vellet:
823 2123 1007 2187 coniiciens
1031 2123 1211 2186 herbidum
1235 2124 1282 2187 ibi
1306 2124 1417 2187 solum

224 2240 318 2304 esse?
350 2241 417 2305 Sed
451 2241 502 2305 iac
535 2243 702 2305 vocabula
732 2244 796 2305 ista
826 2243 941 2324 aliquo
972 2243 1075 2305 modo
1099 2242 1176 2306 ferri
1200 2263 1311 2325 posse,
1336 2265 1417 2307 num

225 2363 425 2424 narrationis
445 2383 533 2426 nunc
553 2371 687 2426 constat
704 2361 811 2425 ratio?
832 2363 933 2426 Haud
947 2362 1078 2444 opinor.
1093 2362 1246 2426 Veniunt
1258 2364 1419 2426 animalia

224 2482 288 2544 ista
312 2503 330 2544 e
356 2491 481 2565 pastu;·
496 2483 522 2544 si
543 2482 654 2545 herbis
673 2492 770 2565 pasta
789 2502 830 2545 ea
851 2483 989 2565 Moyses
1009 2483 1156 2558 coniicit,
1177 2492 1216 2546 ut
1235 2483 1417 2546 herbidum

223 2601 305 2664 illud
337 2601 445 2664 solum
477 2602 627 2664 inveniat
658 2603 742 2666 unde
772 2603 910 2665 veniant
941 2603 971 2665 ei
1003 2612 1055 2666 est
1079 2603 1323 2685 quaerendum,
1349 2624 1418 2667 non

224 2743 286 2803 quo
306 2721 441 2784 abeant.
463 2721 553 2802 Quid
574 2742 654 2803 ergo
673 2723 765 2803 requi
784 2744 823 2785 ea
842 2721 986 2785 attinet?
1006 2722 1184 2786 Praeterea
1198 2742 1266 2786 non
1279 2724 1418 2788 herbam

225 2842 342 2905 Iudaei
373 2851 540 2924 quaerunt
570 2842 629 2904 sed
662 2862 796 2923 aquam.
830 2842 965 2904 Dixeris
992 2841 1169 2905 humidum
1194 2863 1267 2905 esse
1290 2843 1418 2906 debere

223 2961 344 3034 solum,
376 2961 433 3023 ubi
465 2962 571 3024 herba
595 2962 685 3025 nasci
712 2962 828 3044 possit.
854 2961 1061 3043 Respondeo
1084 2962 1166 3024 satis
1188 2982 1272 3036 esse,
1295 2964 1323 3024 si
1349 2982 1418 3026 non

224 3081 303 3144 solis
335 3082 436 3143 radiis
467 3081 576 3143 solum
608 3082 794 3143 exaruerit:
819 3082 853 3143 id
878 3090 991 3144 autem
1016 3082 1088 3163 ipsa
1112 3082 1272 3144 arborum
1296 3084 1419 3146 umbra

224 3210 395 3282 praestare
420 3209 550 3282 potest:
574 3202 621 3263 sic
647 3202 703 3263 ubi
728 3201 907 3263 herbidum
932 3200 1041 3263 solum
1061 3210 1123 3275 est,
1144 3221 1212 3264 non
1232 3202 1348 3265 statim
1370 3203 1416 3265 ibi

221 3329 255 3381 et
284 3322 368 3403 sons
403 3329 452 3383 est
479 3321 649 3405 stuviusue
684 3342 702 3383 e
737 3340 806 3401 quo
837 3321 953 3383 bibere
985 3320 1139 3382 homines
1171 3321 1313 3403 possint.
1347 3320 1415 3385 Sed

220 3439 340 3502 deletis
364 3440 548 3514 vocabulis,
574 3461 660 3521 quae
686 3460 749 3521 ego
776 3440 900 3513 notavi,
921 3441 1036 3502 statim
1057 3441 1170 3502 omnia
1191 3439 1276 3503 fiunt
1296 3451 1416 3524 aperta

219 3578 328 3639 neque
360 3559 427 3621 ulla
459 3567 564 3621 restat
596 3558 759 3622 molestia.
791 3559 889 3621 Asini
925 3558 971 3620 illi
989 3559 1086 3641 pasti
1108 3567 1223 3621 erant:
1249 3560 1315 3622 hoc
1340 3581 1414 3643 per·

217 3679 370 3760 spicuum
402 3688 474 3741 erat
504 3699 548 3740 ex
579 3679 653 3760 ipso
684 3678 803 3740 habitu
836 3680 1052 3759 incessuque;
1086 3687 1198 3741 utrum
1231 3678 1339 3742 herba
1371 3700 1414 3743 an

217 3798 349 3859 carduis
381 3796 535 3877 foliisque
567 3795 648 3858 nihil
681 3796 865 3871 reserebat;
901 3797 1088 3859 dummodo
1119 3805 1235 3879 pastos
1259 3818 1319 3860 eos
1342 3819 1415 3861 esse

217 3925 398 3990 constaret,
431 3915 622 3977 sitientibus
653 3935 761 3996 aquae
794 3916 1019 3979 inveniendae
1045 3917 1134 3978 viam
1164 3918 1413 3981 monstrabant.

218 4033 307 4098 Satis
339 4042 410 4097 erat
441 4054 500 4096 eos
527 4036 640 4115 sequi,
667 4055 744 4098 nam
769 4055 857 4098 nunc
882 4035 994 4097 locum
1019 4055 1078 4098 eos
1102 4045 1229 4118 petere,
1255 4038 1313 4100 ubi
1338 4037 1414 4101 sons

218 4163 307 4217 esset
333 4153 530 4235 fluviusque,
556 4175 608 4216 res
631 4155 704 4237 ipsa
727 4155 907 4218 clamabat.

264 4275 308 4336 H.
334 4273 376 4347 V,
407 4288 453 4352 15.
489 4273 633 4335 Romani
667 4275 852 4355 Batavique
882 4274 958 4336 loco
983 4274 1147 4337 vadorum
1172 4275 1275 4357 pleno
1300 4276 1416 4340 confli-

218 4404 312 4478 gunt.
336 4392 437 4474 Quod
463 4413 568 4472 genus
593 4415 725 4476 pugnae
746 4396 791 4456 ibi
813 4395 856 4456 sit
876 4403 1033 4456 exortum
1054 4403 1089 4456 et
1108 4414 1211 4476 quam
1232 4397 1412 4464 adversum
