3210 5274
779 352 837 419 Ι35
873 412 876 417 .

251 517 349 580 Itane
381 514 484 579 vero?
514 517 571 580 Ex
601 539 660 582 suo
691 540 752 582 usu
785 519 805 581 i.
830 540 859 582 e.
893 526 929 582 ut
960 519 1032 600 ipse
1060 519 1164 581 tutius
1188 520 1404 602 securiusque

202 645 361 719 regnaret
392 636 590 700 Artabanus
621 638 731 720 plebis
762 639 952 721 potentiam
984 638 1084 720 fregit
1116 647 1151 701 et
1182 641 1404 721 optimatibus

201 755 447 838 rempublicam
468 754 630 820 tradidit?
650 754 734 838 Quis
755 778 903 838 unquam
924 756 1005 820 talia
1026 755 1164 821 docuit?
1186 757 1308 821 Nonne
1330 767 1405 823 tota

201 876 342 938 historia
374 882 519 938 testatur
550 875 677 939 nullam
702 896 775 939 esse
800 877 980 939 certiorem
1004 877 1105 952 viam,
1131 897 1197 958 qua
1221 880 1264 940 ad
1289 886 1403 960 tyran·

201 994 317 1056 nidem
342 994 571 1074 perveniatur,
596 1014 700 1077 quam
725 995 864 1057 nimiam
888 994 998 1077 plebis
1019 995 1219 1076 potentiam,
1241 1017 1309 1059 non
1331 1019 1404 1061 esse

201 1112 284 1175 alias
304 1122 448 1175 restam
470 1114 557 1176 inter
576 1134 612 1176 se
633 1114 786 1177 inimicas
808 1135 910 1197 quam
931 1136 1071 1198 regnum
1093 1124 1127 1178 et
1145 1117 1402 1195 aristocratiam,

203 1240 238 1295 et
271 1232 378 1296 malos
409 1253 507 1315 reges
536 1234 570 1295 in
603 1233 713 1296 nullos
743 1234 827 1296 alios
858 1236 950 1297 cives
982 1243 1052 1298 tam
1083 1237 1213 1299 saevire
1242 1257 1344 1318 quam
1369 1239 1402 1300 in

204 1351 361 1414 homines
385 1372 518 1414 summo
542 1352 618 1415 loco
642 1351 762 1415 natos?
786 1354 1016 1435 Ignorabatne
1037 1375 1118 1437 ergo
1139 1356 1288 1431 Tacitus,
1309 1359 1401 1438 quod

204 1491 295 1534 nunc
319 1492 362 1534 ne
386 1472 499 1553 pueris
524 1471 662 1552 quidem
686 1471 840 1553 ignotum
865 1481 926 1548 est,
948 1474 1136 1537 dummodo
1156 1474 1270 1539 Ovidii
1293 1496 1403 1539 narra·

203 1591 390 1654 tiunculam
415 1593 458 1654 de
482 1591 657 1673 Tarquinii
683 1600 868 1673 praecepto
889 1593 1085 1675 necatisque
1107 1594 1292 1657 Gabiorum
1314 1597 1403 1678 prin·

202 1711 336 1795 cipibus
367 1708 531 1792 legerint?
561 1710 662 1774 Certe
685 1710 750 1773 hoc
775 1709 851 1772 loco
875 1711 922 1773 rei
947 1721 1017 1773 tam
1042 1720 1155 1775 certae
1179 1722 1317 1796 tamque
1343 1735 1403 1776 usu

202 1830 357 1893 firmatae
389 1831 567 1894 immemor
597 1831 741 1894 videtur.
776 1830 854 1906 Non
879 1831 970 1895 enim
994 1831 1091 1895 facile
1116 1832 1197 1896 mihi
1223 1836 1404 1916 persuade·

202 1950 293 2013 bitur
311 1951 361 2013 ad
376 1951 460 2014 solos
478 1950 629 2014 Parthos
649 1949 754 2013 verba
774 1948 877 2012 allata
897 1950 1078 2031 pertinere.
1101 1951 1177 2014 Hoc
1199 1953 1225 2014 si
1242 1953 1403 2016 voluisset

202 2071 352 2145 Tacitus,
386 2070 519 2132 disertis
551 2068 756 2132 declarasset
788 2069 901 2131 verbis
933 2068 996 2131 hac
1020 2069 1054 2131 in
1079 2090 1114 2131 re
1139 2069 1284 2133 Parthici
1309 2072 1402 2153 regni

202 2190 437 2253 conditionem
457 2187 556 2270 plane
573 2196 764 2251 ceterorum
783 2187 987 2270 populorum
1000 2208 1249 2271 regnorumque
1263 2198 1402 2252 naturae

203 2311 305 2374 fuisse
330 2309 535 2392 oppositam.
558 2308 658 2372 Nunc
679 2329 760 2371 vero
781 2308 827 2370 ita
848 2308 997 2390 loquitur
1017 2317 1052 2371 ut
1073 2329 1151 2371 eum
1171 2310 1213 2371 de
1235 2309 1402 2385 omnibus,

203 2452 291 2514 quae
316 2438 395 2492 sunt
419 2437 522 2511 atque
547 2429 692 2503 fuerunt,
717 2428 912 2490 civitatibus
935 2427 1085 2510 cogitare
1108 2429 1152 2490 sit
1177 2430 1402 2511 perspicuum.

250 2551 314 2613 Est
337 2559 373 2613 et
395 2549 480 2613 alius
500 2549 594 2612 locus
614 2550 707 2611 omni
728 2548 927 2630 disciplinae
947 2548 1106 2631 politicae
1127 2551 1325 2626 contrarius,
1345 2552 1402 2633 qui

202 2671 346 2734 vitiosus
369 2670 509 2752 quidem
534 2669 678 2732 traditus
697 2677 749 2731 est
769 2669 963 2750 nequedum
984 2670 1017 2731 in
1038 2671 1207 2751 integrum
1229 2671 1403 2733 restitutus

202 2790 340 2853 videtur
375 2790 419 2870 (v.
451 2810 484 2871 p.
517 2789 582 2870 88),
610 2788 670 2851 sed
702 2807 906 2869 quocunque
935 2789 1038 2850 modo
1066 2809 1143 2851 eum
1171 2790 1402 2865 emendamus,

203 2918 359 2971 remanet
391 2908 510 2971 vitium
542 2907 635 2990 quod
667 2926 756 2969 nunc
783 2906 922 2968 notabo.
949 2906 993 2969 H.
1019 2907 1062 2982 ΙΙ,
1087 2908 1118 2970 6.
1144 2908 1292 2971 Muciani
1318 2909 1402 2972 Ves-

203 3029 404 3112 pasianique
434 3028 558 3091 milites
590 3027 729 3108 cognito
764 3027 911 3108 primum
936 3026 1120 3102 Othonem,
1145 3029 1269 3091 deinde
1295 3028 1402 3091 Vitel-

200 3150 287 3213 lium
319 3169 380 3231 per
406 3148 515 3212 scelus
538 3147 717 3228 imperium
741 3147 903 3227 rapuisse,
928 3146 1148 3209 vehementer
1172 3149 1402 3231 indignantur,

205 3268 363 3343 fremunt,
390 3269 477 3331 vires
500 3287 577 3329 suas
601 3266 887 3349 circumspiciunt.
914 3265 1074 3348 Sequitur
1097 3287 1125 3329 c.
1152 3284 1189 3350 7:

253 3390 352 3469 ,Non
376 3388 516 3452 fallebat
539 3389 644 3450 duces
666 3387 814 3468 impetus
837 3384 991 3460 militum,
1015 3387 1075 3450 sed
1101 3387 1305 3451 bellantibus
1329 3389 1403 3452 aliis

208 3508 334 3589 placuit
354 3508 538 3591 expectari.
559 3506 689 3570 Bellum
710 3526 787 3568 cum
808 3505 847 3566 In
867 3505 1014 3568 victores
1034 3507 1210 3589 victosque
1228 3529 1402 3590 nunquam

208 3628 315 3692 solida
345 3627 412 3690 fide
445 3626 651 3701 coalescere;
685 3642 747 3687 nec
778 3622 912 3698 referre,
945 3623 1121 3688 Vitellium
1152 3646 1195 3688 an
1227 3626 1401 3690 Othonem

208 3747 424 3830 superstitem
449 3746 584 3808 fortuna
607 3741 766 3807 faceret”.

253 3867 290 3929 In
314 3887 387 3929 cum
411 3865 453 3928 In
470 3861 491 3946 ¹)
515 3863 620 3926 latere
644 3882 758 3925 casum
783 3861 931 3944 aliquem
952 3862 1006 3924 vel
1025 3863 1228 3927 substantivi
1248 3866 1330 3929 civis
1348 3866 1402 3928 vel

204 3986 366 4050 adiectivi
398 3985 506 4048 civilis
536 3983 631 4047 multi
657 3984 833 4057 viderunt,
860 4002 941 4063 ergo
965 3982 1160 4063 propositae
1184 3993 1262 4047 sunt
1286 3985 1401 4048 lectio·

209 4124 284 4169 nes:
309 4106 386 4170 belli
408 4106 524 4179 civilis,
550 4103 630 4167 bello
655 4103 787 4178 civium,
811 4102 970 4166 bellorum
995 4101 1152 4178 civilium,
1174 4122 1262 4184 quae
1283 4124 1402 4167 omnes

251 4357 273 4422 1)
291 4360 320 4408 ln
339 4358 454 4422 imagine
474 4356 647 4421 pholotypica
664 4355 718 4420 legi
738 4353 831 4418 nequit
850 4351 892 4400 hic
912 4351 993 4400 locus.
