3210 5274
783 389 842 451 162

216 564 305 646 Quid
336 566 384 628 ais
415 566 466 627 vir
497 563 806 646 praestantissime?
833 564 980 629 Nullane
1001 564 1091 628 ratr'o
1115 564 1299 630 intercedit
1323 568 1399 629 inter

216 685 381 747 vocabula
412 704 498 765 quae
529 693 606 747 sunt
630 685 749 768 falsae
780 693 815 747 et
843 685 1037 769 eoenpositae
1058 682 1156 748 sunt?
1182 685 1294 749 Immo
1318 707 1398 759 vero,

215 806 277 867 nisi
310 805 374 879 hic,
406 825 610 886 quocunque
637 807 777 868 tandem
802 804 916 879 modo,
941 805 1135 886 compositae
1158 806 1305 868 eandem
1331 827 1400 868 nan·

215 927 349 988 ciscitur
380 926 460 999 vim,
491 945 594 1006 quam
618 924 734 1005 falsae
765 925 868 988 habet
899 924 969 1006 (Gr.
1000 923 1288 1008 κατεψευσμέναι),
1321 926 1400 988 nulla

214 1055 286 1107 arte
318 1065 418 1107 sanus
449 1066 492 1107 ex
522 1045 587 1107 hoc
618 1044 694 1107 loco
725 1064 842 1108 sensus
873 1045 1066 1125 extorqueri
1100 1045 1238 1126 poterit.
1266 1045 1400 1127 Egregie

214 1166 300 1228 hanc
337 1166 534 1247 opinionem
568 1165 747 1228 confirmat
783 1164 956 1246 Iosephus
992 1165 1050 1245 qui
1086 1164 1178 1245 (XX,
1218 1179 1280 1244 154
1311 1165 1400 1243 Nab.)

213 1306 349 1368 prorsus
380 1287 524 1348 eandem
556 1285 760 1348 sententiam
791 1304 851 1347 sua
881 1283 1066 1366 amplificat
1095 1284 1274 1347 ubertate:
1301 1282 1400 1346 πολλοὶ

213 1403 276 1481 γὰρ
300 1405 355 1474 την
380 1404 447 1482 περὶ
472 1402 598 1481 Νέρωνα
619 1401 855 1482 συντετάχασιν
875 1401 1023 1480 ἱστορίαν,
1045 1397 1084 1465 ὧν
1105 1400 1132 1466 o?
1152 1403 1212 1479 μὲν
1232 1405 1284 1467 διὰ
1306 1404 1400 1484 χάριν,

213 1519 246 1586 εὖ
271 1521 456 1611 πεπονθότες
480 1524 533 1586 ὑπ’
557 1526 664 1602 αὐτοῦ,
688 1529 744 1595 τῆς
768 1522 916 1595 ἀληθείας
941 1521 1122 1598 ἠμέλησαν,
1145 1520 1173 1586 οἳ
1194 1523 1226 1585 δὲ
1247 1523 1299 1586 διὰ
1317 1531 1400 1600 μῖσος

213 1643 266 1706 καὶ
298 1646 353 1717 την
386 1644 459 1721 πρὸς
485 1644 578 1706 αὐτὸν
602 1641 778 1722 ἀπέχθειαν
802 1640 896 1712 οὕτως
921 1642 1053 1712 ἀναιδῶς
1077 1640 1319 1722 ἐνεπαρῴνησαν
1343 1651 1399 1711 ruit

212 1763 394 1840 ψεύσμασιν
426 1764 464 1833 ὡς
488 1762 593 1839 ἀξίους
618 1763 729 1833 αὐτοὺς
755 1757 833 1824 εἶναι
860 1760 1098 1838 καταγνώσεως.
1126 1763 1237 1826 Vides
1260 1765 1401 1828 eundem

213 1885 245 1947 in
278 1884 414 1966 losephi
446 1884 558 1946 verbis
589 1892 705 1946 tenere
730 1883 841 1946 locum
866 1883 1105 1945 vehementem
1130 1882 1224 1945 illam
1249 1884 1404 1948 mendacii

212 2004 494 2084 significationem
514 2002 644 2072 eversae
666 2001 899 2082 ἐνεπαρῴνησαν
913 2010 977 2072 ταῖς
991 2000 1188 2079 ψεύσμασιν,
1200 2025 1306 2086 quem
1319 2003 1403 2087 apud

212 2123 368 2186 Tacitum
400 2133 545 2205 occupet
576 2123 652 2186 lene
684 2124 773 2186 istud
799 2132 832 2186 et
857 2124 949 2186 omni
974 2122 1239 2205 reprehensione
1265 2143 1403 2186 vacuum

211 2245 404 2326 compositae
424 2256 516 2307 sunt:
539 2245 643 2325 atqui,
664 2244 690 2304 si
712 2243 745 2305 in
766 2243 960 2325 compositae
973 2240 1064 2305 nulla
1075 2242 1164 2304 inest
1176 2242 1402 2325 reprehensio,

212 2362 321 2424 Taciti
353 2363 522 2425 sententia
554 2382 690 2444 prorsus
718 2362 811 2424 omni
836 2361 867 2424 vi
891 2370 995 2442 atque
1018 2380 1117 2423 sensu
1142 2369 1247 2423 caret.
1274 2361 1403 2424 Dixeris

211 2480 291 2544 inde
312 2480 528 2562 participium
548 2482 742 2564 compositae
756 2479 1027 2563 reprehensionis
1038 2480 1119 2542 satis
1132 2480 1301 2556 obtinere,
1315 2481 1401 2563 quod

210 2599 378 2661 ablativus
402 2601 582 2664 recentibus
603 2602 688 2664 ediis
710 2601 869 2664 accedat:
899 2620 994 2681 „cum
1020 2600 1100 2663 odio
1124 2601 1216 2662 enim
1242 2621 1297 2664 res
1317 2621 1402 2664 com·

210 2718 358 2799 ponere'’
390 2739 462 2780 esse
498 2721 551 2799 „in
582 2722 822 2803 componendo
854 2722 1034 2784 veritatem
1065 2719 1160 2783 nihili
1185 2720 1334 2785 facere.”
1357 2723 1402 2786 At

208 2839 255 2899 sic
287 2839 467 2901 recentibus
497 2840 581 2901 ediis
604 2833 771 2902 ablativus
797 2839 834 2902 fit
857 2841 954 2914 modi,
980 2840 1037 2921 qui
1062 2839 1204 2902 dicitur:
1231 2841 1265 2904 id
1290 2851 1401 2905 autem

209 2956 354 3019 voluisse
378 2957 534 3019 Tacitum
560 2959 779 3040 pertinaciter
803 2980 900 3040 nego.
927 2959 961 3023 Si
987 2979 1063 3022 cum
1084 2960 1260 3041 scriptore,
1282 2981 1403 3044 aequa·

209 3075 347 3138 bilitatis
370 3077 534 3151 studioso,
561 3078 659 3140 nobis
683 3099 735 3141 res
759 3089 857 3153 esset,
882 3080 965 3142 haec
991 3079 1211 3142 haberemus:
1242 3082 1402 3161 „viventi-

207 3195 268 3256 bus
292 3197 373 3277 ipsis
397 3197 442 3257 ob
468 3206 595 3259 metum
622 3197 733 3272 salsae,
756 3207 938 3281 postquam
957 3199 1163 3272 occiderant,
1185 3199 1232 3260 ob
1253 3201 1402 3263 recentia

204 3315 283 3375 odia
319 3315 528 3396 compositae
563 3315 663 3378 sunt''
695 3326 769 3379 aut:
806 3317 1017 3396 „viventibus
1050 3319 1130 3400 ipsis
1161 3327 1255 3381 metu
1288 3319 1400 3393 falsae,

203 3443 384 3514 postquam
428 3436 634 3510 occiderant,
678 3438 870 3499 recentibus
914 3437 1001 3500 odiis
1040 3440 1252 3521 compositae
1288 3439 1400 3504 sunt.’'

202 3551 289 3613 Tum
318 3573 400 3614 vero
425 3573 526 3614 nemo
550 3563 621 3616 tam
647 3556 791 3618 traditae
816 3565 905 3618 esset
928 3565 1033 3618 tenax
1056 3556 1222 3633 lectionis,
1247 3561 1306 3640 qui
1333 3580 1399 3622 non

201 3672 234 3730 in
255 3674 447 3753 compositae
467 3673 571 3735 latere
593 3675 712 3735 vitium
733 3685 944 3754 agnosceret.
985 3675 1124 3737 Tacitus
1143 3684 1258 3739 autem
1274 3697 1399 3760 aequa·

200 3789 368 3852 bilitatem
394 3793 495 3867 vitat;
521 3793 637 3854 scribit
663 3813 760 3874 ergo:
786 3794 823 3856 eb
845 3793 1127 3868 metum—ediis,
1147 3795 1207 3856 sed
1227 3797 1399 3859 sententia

200 3930 335 3990 prorsus
367 3911 485 3973 eadem
519 3921 570 3973 est
602 3933 641 3974 ac
673 3913 699 3974 si
733 3925 818 3975 metu
836 3949 880 3957 —
897 3913 982 3975 ediis
1013 3911 1067 3974 vel
1098 3912 1135 3974 ob
1162 3915 1399 3979 metum-ob

198 4029 273 4089 oele'a
304 4030 502 4111 scripsisset.
536 4031 628 4112 Ergo
661 4052 749 4094 nunc
780 4033 869 4113 apud
895 4031 1052 4093 Tacitum
1076 4031 1183 4095 latere
1207 4034 1341 4111 vitium,
1365 4045 1398 4098 et
1447 4032 1451 4038 ’

199 4168 260 4228 pro
301 4150 493 4231 correpesilae
523 4152 645 4232 requiri
679 4163 856 4234 corruptae
886 4151 940 4214 vel
972 4152 1139 4215 eiusmodi
1169 4152 1299 4236 aliquid
1332 4157 1395 4218 erit

198 4267 442 4329 confitendum.
