3210 5274
781 389 825 469 ⁶9

249 564 294 627 A.
328 565 387 639 XI,
423 581 475 628 22.
515 566 713 646 „Dolabella
748 569 879 630 censuit
911 568 1143 650 spectaculum
1174 569 1400 649 gladiatorum

201 704 264 766 per
295 704 415 747 omnes
445 704 553 747 annos
585 684 828 749 celebrandum
859 688 1004 769 pecunia
1035 708 1163 762 eorum,
1196 689 1254 769 qui
1282 708 1402 769 quaes·

200 812 311 866 turam
337 803 616 886 adipiscerentur.
642 802 815 886 (Sequitur
834 805 967 888 longior
987 806 1081 870 locus
1101 807 1144 870 de
1165 806 1402 889 quaestoribus

201 942 389 1004 eorumque
426 942 568 985 numero
602 923 728 986 sensim
759 925 882 1007 aucto).
917 926 996 988 Post
1028 926 1103 1008 lege
1136 925 1249 991 Sullae
1281 927 1401 1008 viginti

201 1042 308 1105 creati
328 1041 521 1124 supplendo
540 1043 683 1116 senatui,
704 1043 757 1104 cui
774 1043 897 1106 iudicia
914 1044 1113 1108 tradiderat.
1131 1045 1176 1107 Et
1193 1065 1400 1127 quamquam

202 1163 336 1243 equites
360 1162 484 1225 iudicia
508 1163 798 1244 reciperavissent,
823 1172 1006 1244 quaestura
1029 1174 1144 1227 tamen
1168 1185 1212 1228 ex
1235 1165 1402 1246 dignitate
1465 1170 1469 1178 '

204 1281 466 1344 candidatorum
482 1292 540 1345 aut
557 1281 720 1345 facilitate
736 1282 957 1345 tribuentium
974 1284 1122 1365 gratuito
1139 1284 1401 1360 concedebatur,

204 1402 316 1464 donec
341 1401 510 1463 sententia
535 1400 734 1463 Dolabellae
760 1401 852 1464 velut
876 1401 1172 1464 venumdaretur”.

250 1520 364 1583 Locus
387 1520 582 1602 impeditior
606 1521 741 1583 videtur
760 1541 863 1603 quam
884 1541 1002 1583 revera
1022 1529 1083 1584 est.
1106 1522 1276 1584 Memores
1298 1524 1401 1585 modo

201 1641 307 1703 simus
336 1652 397 1704 aut
427 1640 519 1721 apud
550 1639 710 1703 Tacitum
744 1660 811 1703 non
844 1660 919 1703 eam
948 1640 1074 1703 habere
1098 1642 1282 1728 emphasin
1299 1662 1401 1724 quam

202 1760 329 1823 habeat
363 1760 454 1842 apud
491 1757 702 1834 Ciceronem,
738 1759 797 1822 sed
834 1759 903 1822 iere
939 1780 1030 1822 esse:
1068 1762 1172 1822 modo
1207 1797 1250 1806 -
1287 1762 1400 1835 modu,

202 1900 292 1942 nunc
396 1900 495 1942 nunc.
522 1877 572 1943 Cf.
597 1899 625 1941 c.
654 1880 693 1959 38
719 1878 943 1961 „(Messalina)
963 1888 1044 1942 tunc
1065 1881 1210 1962 primum
1232 1879 1401 1942 fortunam

204 2019 301 2062 suam
329 1999 535 2080 introspexit
559 1997 751 2079 ferrumque
775 1998 919 2080 accepit,
943 1999 1036 2080 quod
1062 1998 1183 2061 frustra
1206 2000 1319 2081 iugulo
1343 2011 1403 2063 aut

198 2119 329 2202 pectori
357 2119 546 2181 admovens
570 2119 638 2179 ictu
666 2118 793 2180 tribuni
818 2117 1046 2200 transigitur”;
1073 2119 1092 2179 i.
1117 2138 1146 2179 e.
1171 2118 1264 2180 modo
1288 2117 1402 2200 iugulo

204 2238 298 2301 modo
320 2239 458 2322 pectori.
483 2236 540 2302 Sic
564 2246 598 2300 et
622 2237 677 2299 hic
700 2238 953 2321 distinguuntur
976 2246 1070 2301 aetas
1093 2238 1219 2300 liberae
1244 2237 1402 2320 reipubli-

204 2378 264 2420 cae
288 2365 367 2440 post
388 2354 527 2431 Sullam,
548 2366 582 2418 et
601 2366 696 2419 aetas
717 2356 935 2439 imperatoria
955 2365 1034 2419 ante
1055 2356 1254 2419 Dolabellae
1275 2356 1401 2438 legem:

205 2486 318 2542 stante
357 2477 532 2560 republica
570 2497 613 2539 ex
651 2477 818 2558 dignitate
854 2479 1114 2540 candidatorum
1150 2477 1403 2540 concedebatur

204 2607 397 2680 quaestura,
425 2605 504 2679 post
526 2596 684 2659 amissam
709 2595 904 2659 libertatem
928 2617 971 2658 ex
996 2595 1157 2658 facilitate
1180 2596 1402 2659 tribuentium

204 2719 236 2798 (i.
263 2738 292 2779 e.
317 2717 533 2799 principum).
562 2716 738 2778 Postremo
767 2716 820 2777 hic
845 2736 981 2797 quoque
1007 2724 1140 2778 utamur
1163 2716 1402 2779 observatione

205 2844 323 2898 nostra
352 2838 395 2917 (v.
420 2857 453 2918 p.
480 2848 519 2915 52
541 2835 604 2916 sq.)
629 2834 672 2896 de
697 2834 784 2896 binis
807 2835 985 2897 sententiis
1008 2856 1028 2897 a
1052 2835 1173 2898 Tacito
1198 2836 1231 2898 in
1256 2835 1403 2917 singulas

203 2957 377 3030 coartatis,
408 2954 590 3038 apparebit
616 2954 682 3017 loci
710 2963 947 3036 argumentum
972 2955 1019 3016 sic
1043 2954 1237 3017 decurrere:
1267 2976 1402 3037 „quam-

204 3095 308 3158 quam
341 3075 476 3150 iudicia,
507 3074 670 3156 adempta
701 3073 924 3147 senatoribus,
955 3074 1088 3137 reddita
1115 3084 1192 3137 sunt
1221 3075 1402 3157 equitibus,

203 3215 365 3258 numerus
388 3204 504 3256 tamen
529 3201 746 3275 quaestorum
772 3192 970 3254 imminutus
994 3213 1061 3255 non
1086 3203 1147 3268 est,
1168 3214 1248 3275 ergo
1269 3215 1403 3276 semper

204 3315 268 3378 luit
299 3314 409 3377 honor
440 3313 483 3375 ad
515 3333 615 3395 quem
649 3312 739 3375 haud
773 3312 819 3373 ita
846 3311 1024 3374 difficulter
1049 3312 1204 3375 homines
1228 3314 1402 3396 pervenie-

204 3434 306 3509 bant;
339 3441 431 3496 certe
460 3433 551 3495 nulla
578 3432 757 3494 constabat
783 3432 926 3512 pecunia
949 3431 1008 3493 sed
1034 3432 1180 3513 primum
1204 3434 1327 3515 (stante
1353 3453 1402 3495 re-

204 3555 354 3637 publica)
379 3574 423 3616 ex
447 3553 613 3635 dignitate
636 3552 906 3627 candidatorum,
929 3560 1005 3634 post
1027 3553 1152 3634 (aetate
1173 3553 1402 3635 imperatoria)

205 3695 248 3738 ex
273 3674 437 3738 facilitate
460 3671 681 3752 tribuentium
706 3670 992 3734 concedebatur”.

249 3793 300 3857 Cl.
326 3793 417 3856 Anu.
442 3791 504 3866 IV,
528 3792 583 3869 48.
615 3790 720 3870 ,Mox
747 3790 833 3852 versi
861 3791 894 3851 in
919 3790 1035 3852 luxum
1060 3799 1094 3853 et
1119 3791 1225 3873 raptis
1248 3792 1402 3874 opulenti

205 3913 364 3975 omittere
388 3911 553 3974 stationes
576 3909 714 3972 lascivia
738 3908 924 3990 epularum,
948 3918 1006 3971 aut
1030 3930 1151 3973 somno
1172 3920 1207 3974 et
1227 3913 1306 3975 vino
1327 3935 1401 3995 pro-

205 4030 398 4095 cumbere”.
420 4030 521 4092 Errat
541 4028 663 4102 editor,
684 4029 741 4110 qui
764 4028 817 4089 hic
838 4036 915 4109 post
934 4030 1090 4091 stationes
1110 4031 1276 4112 virgulam
1296 4034 1404 4113 ponit,

205 4162 239 4216 et
271 4153 319 4215 sic
351 4170 403 4213 res
435 4170 572 4233 prorsus
603 4150 741 4212 easdem
775 4148 863 4210 inter
893 4168 928 4209 se
953 4150 1109 4231 opponit.
1135 4150 1192 4212 An
1217 4152 1405 4233 quidquam

205 4274 347 4335 interest
377 4270 465 4332 inter
488 4269 628 4332 lascivia
651 4267 825 4349 epularum
844 4268 1061 4348 procumbere
1084 4280 1119 4332 et
1142 4292 1252 4334 somno
1276 4285 1307 4335 et
1329 4274 1405 4335 vino

201 4390 442 4476 procumbere?
472 4389 523 4452 At
555 4389 582 4450 si
615 4386 790 4470 virgulam,
824 4386 858 4448 id
891 4387 983 4468 quod
1017 4398 1108 4450 recte
1141 4391 1245 4452 ceteri
1278 4390 1405 4454 faciunt
