3210 5274
783 361 821 422 16

199 541 320 602 ceteris
345 540 452 603 multo
476 541 698 621 gravioribus,
723 561 809 622 quas
833 539 1000 623 praebent
1019 539 1210 621 sequentia,
1231 537 1406 620 negligere

199 659 289 733 licet,
323 681 446 742 nempe
477 660 570 741 quod
603 660 696 723 Nero
728 660 830 742 plane
862 659 989 723 oblitus
1013 657 1152 741 fingitur
1175 678 1281 740 quam
1307 657 1406 721 luerit

201 780 340 843 natandi
367 780 476 861 perita
502 787 620 841 mater.

246 901 296 962 At
327 900 460 961 accedit
492 898 569 960 huic
602 898 779 962 machinae
811 918 947 962 camera
978 899 1103 961 eodem
1133 906 1263 962 structa
1293 898 1410 973 modu,

203 1040 271 1100 quo
303 1019 526 1079 instrumenta
558 1018 681 1098 quibus
713 1039 802 1081 nunc
834 1018 877 1080 ad
911 1018 1023 1100 talpas
1054 1018 1241 1101 capiendas
1267 1028 1412 1082 utuntur

203 1137 381 1217 agricolae.

250 1256 318 1320 Ubi
348 1265 469 1338 ‘neuter
498 1257 596 1320 dolus
620 1258 784 1332 succedit,
809 1260 955 1341 remiges
981 1260 1035 1339 ,in
1059 1257 1148 1322 latus
1172 1258 1338 1322 inclinare
1363 1266 1412 1321 at·

205 1396 271 1457 que
302 1377 348 1437 ita
381 1396 503 1438 navem
535 1375 776 1459 submergere”
809 1387 986 1440 conantur.
1013 1376 1161 1459 Quaeso,
1185 1376 1242 1440 hic
1266 1387 1411 1442 conatus

204 1499 230 1558 si
257 1504 417 1558 eventum
442 1494 626 1570 habuisset,
651 1497 733 1577 quid
754 1497 836 1579 ipsis
854 1506 944 1560 esset
963 1496 1092 1560 lactum
1113 1495 1322 1578 remigibus?
1343 1496 1410 1561 Sed

207 1617 270 1678 illis
303 1637 368 1678 non
402 1624 453 1677 est
489 1617 540 1693 ,in
573 1637 644 1678 rem
668 1617 816 1679 subitam
840 1616 1047 1680 consensus”
1072 1625 1106 1678 et
1134 1615 1233 1696 „alii”
1258 1617 1410 1699 (quinam

208 1746 285 1799 sunt
310 1737 355 1798 illi
380 1737 437 1817 qui
459 1757 547 1798 nunc
568 1738 751 1819 remigibus
771 1739 1014 1821 opponunturl)
1035 1747 1155 1802 contra
1175 1739 1336 1801 tendunt.
1355 1738 1410 1803 Sic

209 1857 402 1937 Agrippina
422 1855 678 1937 Acerroniaque
699 1857 817 1920 leniori
838 1878 917 1921 casu
938 1859 972 1920 in
994 1879 1086 1921 mare
1106 1858 1282 1921 decidunt.
1305 1859 1412 1934 Haec,

210 1996 297 2055 quac
329 1996 364 2036 se
392 1975 619 2056 Agrippinam
644 1997 717 2037 esse
741 1977 888 2052 simulat,
914 1978 1083 2052 omnibus,
1108 1997 1196 2059 quae
1221 1976 1291 2040 sors
1314 1979 1413 2041 obtu-

211 2095 304 2167 lerat,
341 2094 416 2155 telis
453 2095 640 2157 coniicitur.
679 2096 770 2177 Ergo
807 2097 926 2159 conscii
959 2107 1037 2160 sunt
1062 2098 1144 2179 sere
1174 2118 1295 2172 omnes,
1328 2117 1412 2179 quos

212 2214 307 2274 navis
339 2212 394 2273 illa
427 2214 530 2274 vehit.
556 2212 646 2294 Quid
672 2235 753 2276 vero
778 2216 804 2277 si
829 2218 937 2298 ipsam
962 2216 1192 2298 Agrippinam
1217 2218 1265 2280 sic
1291 2226 1411 2281 nautae

212 2330 468 2404 interfecissent,
495 2354 573 2406 non,
599 2354 711 2395 errore
736 2335 840 2408 ducti,
866 2334 1101 2410 Acerroniam,
1126 2337 1268 2418 eiusque
1293 2357 1410 2420 corpus

213 2462 332 2533 postea
363 2460 451 2512 esset
483 2451 670 2527 inventum,
704 2453 841 2534 plenum
874 2452 1073 2517 vulnerum?
1106 2455 1198 2517 Num
1232 2477 1311 2519 casu
1340 2476 1410 2519 earu

214 2571 350 2651 periisse
384 2570 475 2632 Nero
507 2571 663 2633 simulare
697 2571 884 2653 potuisset?
918 2574 962 2635 Et
990 2574 1016 2635 si
1042 2594 1172 2648 omnes,
1196 2582 1255 2637 aut
1281 2584 1409 2639 tantum

215 2711 280 2751 non
315 2711 443 2765 omnes,
470 2712 555 2772 quos
584 2692 679 2753 navis
704 2691 759 2753 illa
785 2692 943 2768 vehebat,
968 2695 1093 2756 conscii
1120 2701 1228 2769 erant,
1252 2714 1409 2775 quorsum

216 2830 333 2871 omnes
365 2809 440 2871 illae
473 2811 649 2872 machinae
684 2820 780 2873 tanto
811 2812 955 2874 artificio
983 2811 1216 2895 compositae?
1241 2813 1311 2877 Sed
1337 2813 1408 2877 nole

218 2929 343 2990 diutius
363 2929 500 2991 haerere
520 2930 554 2990 in
571 2929 736 3005 hocloco,
750 2931 843 2993 cuius
867 2953 954 3013 quae
969 2941 1081 2995 essent
1095 2932 1273 2996 molestiae
1287 2935 1408 2997 duduu

219 3049 465 3111 demonstravit
490 3051 539 3111 vir
562 3060 690 3124 acutus,
715 3051 774 3112 sed
800 3052 857 3132 qui
883 3060 1059 3133 praeterea
1083 3072 1186 3134 saepe
1207 3053 1346 3134 ingenio
1367 3063 1408 3116 est

218 3169 351 3231 abusus.
378 3169 415 3230 In
441 3169 647 3231 editionibus
671 3178 786 3232 tamen
810 3169 920 3232 Taciti
947 3169 1029 3232 nihil
1053 3191 1097 3233 ex
1120 3170 1187 3233 hoc
1210 3191 1337 3253 genere
1361 3193 1408 3235 an

221 3291 329 3352 notari
354 3299 404 3352 est
429 3290 521 3370 quod
547 3292 717 3353 miremur.

266 3408 404 3470 Nullum
429 3418 479 3470 est
500 3410 648 3473 dirorum
671 3410 857 3473 facinorum
877 3430 995 3492 genus,
1017 3412 1059 3473 de
1080 3431 1149 3491 quo
1171 3412 1204 3473 in
1226 3411 1409 3476 Annalibus

222 3529 429 3611 frequentius
465 3539 577 3591 narret
612 3530 750 3593 Tacitus
786 3552 888 3612 quam
924 3532 967 3593 de
1003 3531 1193 3594 veneficiis:
1229 3533 1277 3594 sic
1311 3533 1410 3595 voluit

220 3658 365 3730 tempus,
399 3649 441 3710 de
472 3668 540 3729 quo
572 3649 652 3730 agit,
682 3651 730 3712 sic
763 3651 866 3731 ipsius
899 3650 1030 3712 indoles
1057 3658 1160 3731 atque
1187 3661 1317 3714 natura.
1351 3650 1410 3716 Ser

222 3771 366 3851 cognitis
397 3771 446 3842 iis,
472 3790 558 3850 quae
584 3769 687 3832 modo
711 3771 940 3851 exposuimus,
966 3789 1077 3842 nemu,
1103 3778 1139 3832 ut
1164 3770 1297 3852 opinor,
1315 3772 1411 3834 mira·

222 3889 312 3950 bitur
348 3890 463 3951 omnia
497 3889 553 3951 illa
589 3887 817 3951 veneticorum
852 3890 988 3964 scelera,
1020 3909 1107 3971 quae
1139 3890 1230 3971 apud
1262 3889 1411 3954 Tacitun

225 4009 324 4090 paulo
349 4008 452 4071 lusius
476 4008 718 4081 describantur,
745 4009 791 4070 ita
815 4011 939 4071 narrari
961 4019 997 4072 ut
1018 4011 1065 4072 sic
1086 4030 1127 4072 ea
1146 4030 1219 4072 esse
1241 4011 1413 4073 commissa

224 4129 362 4190 credere
388 4147 456 4189 non
477 4128 654 4208 possimus.
676 4127 720 4188 Et
742 4148 859 4190 revera
879 4148 998 4191 omnes
1018 4129 1180 4193 Taciteae
1201 4130 1413 4193 narrationes

225 4268 312 4328 quae
344 4248 409 4309 huc
437 4247 619 4327 pertinent,
643 4246 770 4327 aliquid
794 4246 922 4308 habent
946 4247 1038 4329 quod
1065 4269 1132 4310 non
1157 4268 1413 4330 concoquamus

226 4366 299 4428 Aut
330 4367 494 4429 obscurae
525 4375 603 4427 sunt
634 4372 692 4427 aut
723 4364 899 4441 eiusmodi,
931 4375 968 4428 ut
1001 4367 1123 4429 nostris
1147 4367 1246 4430 nobis
1270 4388 1358 4450 opus
1381 4369 1417 4431 sit
