3292 5280
790 397 852 459 228

228 575 460 649 destinavisse,
494 583 529 637 ut
562 584 638 657 post
670 576 819 638 occisum
851 594 956 657 opera
989 574 1118 636 Pisonis
1143 573 1318 636 Neronem
1343 574 1420 636 Piso

227 714 364 777 quoque
399 694 661 769 interficeretur,
698 696 956 776 tradereturque
989 693 1167 775 imperium
1200 692 1420 757 Senecae...

228 813 318 896 Quin
351 824 385 877 et
417 815 521 877 verba
553 815 664 884 Flavi,
682 814 908 897 vulgabantur
939 834 1007 877 non
1040 812 1163 877 referre
1195 814 1368 888 dedecori,
1393 813 1420 875 si

228 934 444 1028 citharoedus
457 935 706 997 ‚demoveretur
731 943 766 997 et
790 934 972 1015 tragoedus
996 932 1227 996 succederet.‘’

273 1052 329 1115 Ad
366 1053 548 1115 lectionem
580 1054 741 1116 traditam
773 1054 921 1116 dedecori
950 1051 1203 1115 defendendam
1235 1051 1423 1114 afferuntur

229 1173 297 1235 duo
329 1174 405 1247 loci,
438 1175 480 1236 de
511 1174 635 1255 quibus
666 1182 778 1236 tacere
804 1181 971 1256 praestat:
998 1171 1106 1235 Plauti
1131 1172 1223 1235 enim
1248 1179 1300 1234 est
1324 1171 1422 1245 alter,

228 1293 312 1355 alter
338 1292 471 1356 Horatii
496 1313 611 1355 versus
634 1292 689 1355 ille
714 1293 924 1355 notissimus:

806 1412 861 1474 dic
885 1411 967 1493 quid
992 1409 1116 1474 referat
1140 1411 1228 1473 intra

453 1532 602 1595 Naturae
628 1530 703 1594 finis
728 1531 866 1605 viventi,
892 1532 1008 1613 iugera
1031 1539 1170 1593 centum
1194 1551 1237 1593 an

454 1651 546 1714 Mille
570 1649 665 1714 aret?

275 1771 313 1834 In
334 1792 402 1854 quo
427 1771 584 1853 praesidii
609 1770 690 1833 nihil
715 1791 788 1833 esse
813 1779 972 1853 apparet:
998 1771 1092 1834 homo
1116 1772 1207 1833 enim
1232 1771 1278 1832 ibi
1305 1771 1424 1833 dativo

230 1892 435 1973 designatur.
459 1890 550 1973 Ergo
571 1890 770 1973 plerumque
793 1890 922 1953 Heinsii
944 1891 1108 1973 probatur
1121 1892 1326 1965 coniectura,
1340 1911 1424 1954 sane

231 2011 401 2074 lenissima
432 2011 608 2085 dedecoris,
641 2011 801 2093 quoniam
836 2011 908 2094 ipse
940 2011 1079 2074 Tacitus
1111 2010 1155 2073 H.
1182 2011 1207 2085 I,
1238 2028 1248 2073 1
1278 2011 1421 2074 dixerit:

235 2152 389 2212 ,omnem
415 2131 604 2214 potentiam
627 2132 670 2193 ad
696 2151 798 2193 unum
820 2130 964 2193 conferri
985 2131 1078 2213 pacis
1098 2128 1283 2205 interluit”,
1305 2128 1422 2213 Quint.

232 2252 292 2327 IX,
312 2250 355 2331 '4,'
372 2271 432 2331 44:
462 2251 661 2334 ,plurimum
686 2250 788 2313 refert
812 2249 1102 2333 compositionis”,
1127 2249 1211 2312 Plin.
1236 2250 1302 2333 Ep.
1325 2250 1421 2325 VIII,

234 2389 292 2434 22:
333 2372 503 2453 ,quisquis
538 2371 612 2445 ille,
647 2370 901 2452 qualiscunque,
939 2370 1087 2445 sileatur,
1123 2390 1227 2453 quem
1262 2371 1422 2452 insignire

232 2491 379 2573 exempli
405 2490 496 2565 nihil,
522 2510 590 2553 non
615 2491 773 2571 insignire
799 2490 1018 2552 humanitatis
1042 2489 1224 2573 plurimum
1249 2489 1373 2553 resert'‘
1391 2489 1422 2573 ¹).

232 2610 300 2674 Sed
332 2610 439 2672 tribus
471 2610 522 2672 his
553 2609 635 2672 locis
661 2621 744 2691 pax,
776 2610 971 2691 compositio,
1003 2608 1196 2692 exemplum,
1229 2610 1423 2673 humanitas

232 2740 405 2812 tamquam
431 2730 586 2792 homines
610 2731 811 2810 cogitantur,
833 2739 877 2803 et,
898 2730 990 2811 quod
1011 2729 1154 2811 graviuS,
1177 2730 1203 2790 si
1223 2731 1267 2792 ad
1290 2729 1423 2793 illorum

232 2850 426 2931 exemplum
437 2858 550 2911 noster
563 2849 656 2911 locus
669 2850 878 2923 emendetur,
889 2869 957 2911 non
969 2849 1145 2924 dedecoris,
1155 2869 1273 2911 verum
1286 2849 1423 2923 decoris,

231 2971 274 3031 sit
298 2969 524 3031 scribendum.
558 2968 674 3032 Unum
698 2969 937 3030 tantummodo
960 2969 1123 3031 hactenus
1147 2968 1287 3031 allatum
1312 2969 1423 3044 vide0,

231 3088 288 3170 qui
321 3088 420 3170 plane
445 3089 509 3151 huc
534 3089 733 3150 conveniat:
760 3087 842 3150 Plin.
869 3088 992 3169 Paneg.
1017 3105 1078 3167 40:
1108 3097 1163 3168 ,tu
1190 3088 1272 3151 nihil
1297 3088 1422 3152 referre

232 3209 420 3290 iniquitatis
450 3208 633 3283 existimas,
659 3208 775 3289 exigas
799 3208 892 3289 quod
917 3207 1034 3270 deberi
1060 3228 1127 3270 non
1152 3208 1354 3289 oportuerit,
1378 3228 1421 3270 an

231 3331 417 3391 constituas
449 3339 485 3391 ut
516 3326 725 3390 debeaturl”
761 3325 829 3390 Sed
854 3346 1061 3408 quamquam
1087 3325 1228 3390 fortasse
1251 3347 1272 3390 a
1296 3327 1423 3390 sedulis

231 3447 448 3510 venatoribus
462 3449 559 3529 pauci
573 3447 711 3528 quidam
725 3446 779 3508 alii
793 3466 811 3508 e
824 3446 962 3508 latebris
976 3445 1225 3529 protrahentur,
1234 3446 1423 3510 admodum

229 3569 353 3631 insoliti
378 3569 505 3649 aliquid
530 3567 651 3630 Tacito
677 3567 863 3629 Heinsiana
887 3566 1023 3629 obtrudi
1048 3567 1243 3629 coniectura
1262 3567 1344 3628 satis
1364 3587 1423 3648 ap·

230 3696 335 3770 paret.
373 3688 445 3749 Iam
476 3686 680 3749 sententiam
714 3686 795 3751 dicti
828 3686 1098 3764 consideremus:
1135 3705 1273 3768 ,parum
1298 3685 1423 3749 relert”

229 3808 367 3890 (Flavus
390 3808 449 3887 ait)
478 3814 607 3886 ,utrum
633 3806 867 3868 citharoedum
891 3825 933 3867 an
958 3805 1158 3885 tragoedum
1179 3806 1423 3887 imperatorem

229 3926 446 3991 habeamus.”
480 3926 571 3989 Num
593 3926 780 4008 quidquam
802 3926 856 3988 hic
878 3923 995 3988 deest?
1020 3925 1129 3988 Immo
1150 3945 1232 3988 vero
1254 3927 1422 4011 quidquid

270 4162 295 4226 ι)
320 4162 401 4210 Totus
427 4160 499 4208 locus
525 4168 563 4209 est
582 4160 775 4210 huiuscemodi:
795 4168 823 4210 ut
842 4162 953 4210 amicum
972 4177 987 4210 a
1005 4160 1085 4209 nlmia
1104 4160 1132 4209 in
1150 4160 1237 4211 aliena
1257 4162 1321 4212 vitia
1340 4162 1424 4212 deter-

231 4258 284 4298 reat
309 4248 455 4309 severitate,
479 4248 626 4312 exemplum
652 4264 679 4297 se
702 4248 725 4297 ei
745 4264 830 4297 coram
851 4256 1012 4297 narraturum
1030 4247 1161 4312 promittit
1179 4247 1280 4297 Plinius
1298 4248 1357 4314 viri,
1376 4248 1423 4314 qui

231 4336 373 4400 aliquando
399 4335 425 4383 in
452 4334 544 4398 poenis
566 4336 699 4384 sumendis
719 4336 823 4384 modum
842 4335 995 4399 excesserit3
1015 4334 1061 4383 sed
1079 4349 1175 4384 nomen
1195 4335 1250 4384 eius
1269 4350 1297 4384 se
1316 4352 1350 4385 ne
1369 4345 1423 4385 lum

232 4423 337 4487 quidem
357 4422 485 4470 editurum
502 4422 597 4486 verbis,
617 4438 683 4487 quae
702 4423 849 4488 citavimus,
868 4421 1005 4487 significat.
