3292 5280
798 393 859 455 116

231 591 308 633 usus
332 592 405 633 sum
431 571 542 634 verbis
566 591 642 634 cum
667 573 710 634 de
733 572 922 654 confusione
945 578 980 632 et
999 567 1130 632 incuria
1151 567 1333 649 loquebar,
1354 569 1426 649 qui·

230 691 293 753 bus
317 700 390 754 tota
414 690 469 754 illa
493 693 536 753 de
562 691 681 754 Pisone
707 693 854 754 narratio
877 685 1068 754 laboraret?

274 811 319 874 A.
345 813 369 886 I,
400 813 448 875 16.
480 813 545 875 Hic
575 811 669 875 locus
693 822 744 875 est
769 812 825 874 ubi
850 810 990 874 Tacitus
1014 807 1104 872 nulla
1127 827 1187 870 sua
1212 807 1315 890 culpa
1340 807 1425 871 male

229 932 272 993 sit
304 930 495 995 intellectus
526 941 561 994 et
594 952 752 1014 perversa
786 931 985 994 sollicitatus
1021 927 1274 991 emendatione.
1308 927 1355 989 Et
1385 947 1425 990 ne

230 1050 311 1113 illud
343 1051 482 1133 quidem
515 1051 598 1113 vitio
624 1052 654 1114 ei
679 1050 830 1114 dandum
855 1051 947 1132 quo‘d
973 1047 1121 1112 narratio
1144 1046 1216 1110 eius
1240 1045 1425 1128 diligentis·

229 1171 348 1233 simam
369 1172 550 1233 lectionem
570 1179 604 1233 et
624 1170 812 1253 longiorem
832 1169 971 1251 requirit
988 1167 1283 1250 explanationem;
1302 1186 1422 1248 aequa·

229 1288 288 1364 les,
320 1290 442 1371 quibus
467 1290 648 1365 scribebat,
681 1291 788 1372 ipsam
821 1310 891 1352 rem
924 1289 1053 1371 optime
1078 1286 1307 1368 facillimeque
1331 1285 1424 1349 intel·

229 1408 391 1491 ligebant.
417 1410 469 1472 De
496 1410 764 1473 Pannonicarum
784 1409 957 1491 legionum
977 1407 1145 1470 seditione
1166 1415 1361 1469 narraturus
1380 1406 1424 1468 ita

230 1529 365 1611 incipit:

277 1648 422 1727 ,Castris
446 1649 582 1712 aestivis
606 1657 674 1712 tres
698 1649 797 1711 simul
821 1647 973 1729 legiones
996 1644 1245 1709 habebantu1''.

275 1769 339 1831 Pro
359 1770 494 1833 aestivis
515 1769 668 1832 Sirkerus
689 1769 835 1831 coniecit
855 1767 1012 1841 hibernis,
1034 1764 1215 1848 potuitque
1235 1763 1423 1827 sententiae

228 1907 308 1949 suae
333 1897 570 1969 argumentum
594 1887 712 1950 afferre
737 1888 924 1949 admodum
947 1886 1150 1968 speciosum.
1172 1884 1312 1948 Etenim
1333 1903 1362 1947 c.
1385 1899 1422 1966 27

229 2006 289 2071 Cn.
324 2007 488 2070 Lentulus
519 2008 642 2070 dicitur
672 2007 811 2071 hiberna
838 2019 951 2070 castra
977 2012 1142 2088 repetere.
1165 2005 1216 2067 At
1241 2004 1423 2067 Lentulum

229 2125 333 2200 illum,
365 2127 421 2207 qui
455 2125 516 2188 luit
541 2147 559 2189 e
584 2127 684 2189 Drusi
716 2126 891 2200 comitatu,
924 2124 1048 2187 milites
1079 2123 1190 2187 adorti
1222 2131 1304 2186 sunt
1328 2124 1362 2185 in
1388 2124 1424 2184 iis

229 2247 346 2308 castris
378 2246 420 2309 de
453 2246 574 2328 quibus
606 2255 681 2309 toto
714 2267 742 2309 c.
773 2247 811 2308 16
842 2265 953 2308 sermo
978 2254 1046 2321 est;
1070 2245 1097 2307 si
1121 2264 1203 2326 ergo
1226 2245 1262 2307 in
1286 2243 1422 2308 hiberna

230 2364 324 2446 sugit,
356 2365 543 2446 periculum
575 2365 667 2440 illud,
698 2365 790 2447 quod
822 2365 929 2427 vitare
961 2362 1043 2438 vult,
1074 2364 1108 2426 in
1139 2363 1277 2427 aestivis
1307 2372 1421 2426 natum

230 2493 290 2546 est.
312 2484 499 2558 Praeterea,
520 2486 546 2547 si
568 2483 693 2548 Sirkeri
715 2484 944 2547 coniecturam
965 2483 1157 2565 probamus
1172 2502 1314 2564 magnas
1328 2483 1423 2545 nobis

229 2602 369 2665 exhibet
390 2604 561 2667 molestias
581 2604 703 2686 capitis
723 2618 761 2683 25
784 2604 928 2666 initium.
950 2600 1041 2683 Quid
1056 2598 1168 2664 enim?
1186 2621 1216 2664 c.
1234 2601 1274 2663 16
1287 2601 1422 2666 Sirkero

228 2730 367 2785 auctore
388 2724 420 2785 in
442 2723 559 2785 castris
578 2722 726 2785 hibernis
745 2731 813 2785 tres
833 2722 931 2784 simul
952 2721 1103 2802 legiones
1115 2729 1212 2783 erant
1224 2721 1313 2785 duce
1327 2722 1420 2785 lunio

230 2841 348 2904 Blaeso
385 2843 460 2924 ,qui
493 2842 559 2904 fine
591 2842 738 2924 Augusti
770 2851 805 2904 et
835 2842 940 2904 initiis
963 2841 1091 2904 Tiberii
1115 2842 1240 2904 auditis
1266 2889 1297 2904 ..
1322 2843 1420 2904 inter·

229 2960 365 3022 miserat
389 2959 488 3022 solita
514 2962 636 3023 munia.
662 2960 714 3022 Eo
738 2961 905 3042 principio
928 2959 1081 3023 lascivire
1102 2959 1208 3034 miles,
1228 2960 1421 3023 discordare

228 3080 271 3160 (v.
296 3081 339 3141 de
364 3080 426 3142 hac
447 3101 531 3143 voce
553 3080 619 3143 vol.
640 3080 742 3143 XXX
764 3101 796 3162 p.
820 3078 979 3163 346sq.)”
994 3128 1001 3143 .
1017 3129 1024 3143 .
1038 3128 1046 3142 .
1061 3128 1068 3142 .
1084 3079 1230 3162 denique
1251 3081 1420 3144 incastris

226 3197 373 3261 hibernis
393 3219 514 3280 magna
535 3201 703 3281 quaedam
725 3201 841 3262 existit
861 3200 994 3274 seditio,
1015 3199 1058 3264 ad
1078 3219 1182 3281 quam
1195 3200 1420 3283 comprimen-

226 3316 304 3378 dam
338 3316 492 3380 Tiberius
524 3318 671 3381 Drusum
702 3339 778 3382 cum
811 3319 1015 3401 primoribus
1045 3318 1193 3382 civitatis
1224 3327 1261 3381 et
1288 3318 1362 3382 aliis
1385 3327 1418 3382 et

226 3433 285 3497 Cn.
323 3436 470 3498 Lentulo
506 3438 627 3500 mittit:
668 3447 869 3519 „postquam
905 3438 1030 3501 vallum
1064 3437 1215 3501 introiit”
1248 3439 1416 3521 (nimirum

225 3554 362 3628 Drusus,
395 3554 562 3637 simulque
595 3555 656 3620 Cn.
688 3556 854 3620 Lentulus
885 3557 952 3640 alii)
977 3605 985 3618 .
1011 3605 1018 3619 .
1045 3605 1053 3619 .
1079 3605 1086 3619 .
1111 3556 1247 3634 vallum,
1273 3578 1356 3642 ergo
1380 3559 1416 3640 (si

223 3675 327 3737 semel
352 3674 523 3739 Sirkerum
548 3676 731 3758 sequimur)
756 3676 976 3751 hibernorum,
998 3695 1076 3739 nam
1097 3677 1140 3739 de
1159 3675 1234 3739 aliis
1255 3697 1345 3740 nunc
1363 3677 1415 3758 agi

224 3795 341 3858 castris
366 3804 400 3856 et
421 3815 487 3857 non
510 3795 552 3856 de
574 3796 622 3870 iia,
644 3817 779 3878 quaec.
807 3797 845 3858 16
864 3804 1184 3870 commemorantur,
1205 3816 1309 3859 nemo
1322 3797 1415 3880 quid·

224 3932 326 3992 quam
358 3932 420 3975 nos
450 3913 561 3976 docet.
596 3913 700 3996 Igitur
733 3916 765 3977 in
798 3915 945 3978 hibernis
975 3916 1103 3978 Drusus
1134 3916 1259 3980 milites
1283 3917 1415 4000 placare

223 4034 349 4108 studet,
381 4033 414 4095 in
447 4033 593 4097 hibernis
618 4044 804 4097 contumax
828 4055 847 4097 a
872 4034 1033 4097 militibus
1056 4036 1181 4118 accipit
1205 4056 1414 4120 responsum,

223 4153 257 4215 in
289 4153 435 4216 ln'bernis
459 4154 602 4218 militum
631 4156 679 4218 ira
702 4156 899 4237 praesertim
924 4155 958 4217 in
983 4154 1043 4219 Cn.
1071 4155 1253 4219 Lentulum
1278 4177 1315 4220 se
1338 4177 1414 4221 con·

224 4274 335 4347 vertit,
360 4273 416 4354 qui
443 4282 533 4336 metu
560 4276 733 4355 perculsus
757 4274 885 4356 aufugit
1003 4282 1037 4335 et
1061 4273 1199 4337 hiberna
1219 4277 1317 4358 petit.
1339 4276 1414 4338 Pro·

223 4391 313 4455 lecto
332 4393 375 4454 ad
397 4393 515 4455 incitas
537 4413 597 4455 nos
618 4396 757 4457 doctum
779 4394 859 4457 illud
883 4393 1008 4457 Sirkeri
1028 4393 1151 4474 redigit
1170 4403 1411 4457 commentum.
