3210 5274
765 1252 843 1315 XV.

248 1500 323 1562 Iam
344 1501 378 1562 in
399 1501 618 1583 praecedenti
639 1501 751 1584 capite
773 1521 876 1564 unum
891 1500 1103 1580 alterumque
1117 1500 1262 1562 indicavi
1276 1499 1399 1591 locum,

201 1621 260 1701 qui
285 1620 379 1684 nullo
403 1620 470 1683 alio
494 1623 603 1683 sanari
631 1622 734 1683 modo
759 1629 875 1703 posset
899 1641 1002 1703 quam
1027 1620 1203 1683 vocabulis
1227 1619 1355 1700 aliquot
1379 1639 1398 1680 e

202 1748 300 1803 textu
334 1741 534 1803 eximendis.
574 1741 635 1804 Est
668 1742 758 1804 enim
791 1743 882 1824 apud
914 1741 1071 1804 Tacitum
1095 1741 1224 1804 affatim
1248 1739 1399 1802 locorum

202 1870 452 1942 corruptorum,
486 1862 609 1943 quibus
642 1862 705 1924 hac
738 1861 871 1924 medela
898 1861 1007 1923 afferri
1032 1861 1120 1924 salus
1145 1860 1280 1935 debeat,
1305 1879 1400 1942 prae·

201 1983 321 2044 sertim
353 1982 386 2044 in
412 1983 452 2044 iis
475 1982 578 2057 libris,
603 2004 689 2064 quos
713 1984 825 2068 codex
851 1981 1024 2045 Mediceus
1047 1983 1133 2045 alter
1156 1981 1312 2054 servavit,
1338 1981 1398 2040 sed

203 2121 315 2183 neque
341 2102 432 2183 prior
455 2103 496 2164 iis
519 2110 622 2164 caret.
649 2102 722 2164 Hos
747 2122 846 2176 nunc,
871 2102 897 2162 si
922 2121 990 2163 non
1014 2119 1142 2173 omnes,
1163 2107 1198 2160 at
1220 2097 1400 2180 plerosque

204 2240 408 2302 proponam,
434 2229 469 2283 et
1129 2211 1138 2226 ⁰

521 2342 682 2422 quoniam
707 2340 790 2403 haec
815 2340 901 2402 ratio
927 2339 1125 2423 plerumque
1150 2340 1283 2401 videtur

343 2461 465 2524 Futilis
489 2481 562 2524 esse
587 2460 710 2542 quibus
734 2480 803 2522 non
827 2469 878 2522 est
902 2466 1057 2532 tractata,
1084 2467 1241 2539 retroque

342 2580 474 2663 Vulgus
497 2580 658 2643 abhorret
682 2580 726 2642 ab
750 2580 824 2654 hac,

205 2700 260 2762 vel
295 2701 410 2782 potius
434 2700 595 2781 quoniam
621 2698 711 2762 haud
736 2700 834 2782 pauci
861 2699 985 2762 nullam
1011 2700 1064 2762 hic
1089 2707 1278 2781 agnoscunt
1303 2699 1402 2761 ratio-

207 2838 301 2892 nem,
341 2820 401 2881 sed
439 2837 567 2881 meram
603 2819 843 2882 tantummodo
878 2819 1106 2881 temeritatem
1142 2818 1402 2898 levitatemque,

206 2938 328 3000 ordine
349 2939 534 3020 procedam
556 2940 798 3021 ingentemque
820 2940 996 3002 materiem
1017 2939 1064 3001 ita
1084 2940 1117 3001 in
1138 2946 1230 3000 certa
1251 2938 1402 3000 dividam

206 3060 330 3140 capita,
356 3066 393 3120 ut
416 3057 609 3140 legentibus
629 3057 663 3120 et
682 3078 785 3139 quam
808 3059 954 3121 maxime
975 3058 1197 3139 persuadeam
1217 3056 1262 3131 et,
1283 3059 1310 3119 si
1331 3057 1401 3118 fieri

207 3178 324 3259 possit,
357 3178 460 3240 etiam
493 3177 679 3260 voluptatis
708 3177 846 3240 afferam
870 3177 1009 3258 aliquid.
1047 3177 1163 3259 Atque
1188 3178 1334 3259 primum
1359 3179 1401 3240 de

206 3298 362 3371 externis,
396 3317 483 3379 quae
516 3298 682 3371 dicuntur,
716 3316 816 3377 agam
844 3297 986 3371 indiciis,
1011 3295 1323 3377 demonstraboque
1347 3296 1402 3358 hic

207 3418 272 3480 illic
304 3419 344 3480 iis
376 3417 661 3480 commaculatum
689 3387 1030 3480 esseadditamentis
1054 3425 1188 3480 textum
1212 3417 1400 3491 Taciteum‚

206 3556 292 3616 quae
324 3535 406 3597 oiim
436 3536 470 3597 in
503 3537 653 3618 margine
685 3536 738 3599 vel
763 3538 852 3599 inter
877 3536 982 3598 lineas
1006 3537 1177 3618 adscripta
1201 3535 1300 3598 fuisse
1327 3555 1400 3598 nos·

205 3655 263 3717 tris
296 3655 491 3716 etiamnunc
523 3675 700 3718 cernamus
731 3655 847 3718 oculis.
884 3655 956 3717 Iam
986 3655 1035 3730 iis,
1059 3656 1116 3736 qui
1142 3653 1245 3717 libelli
1272 3656 1337 3716 mei
1361 3655 1401 3716 de

204 3773 420 3836 Emblematis
451 3775 485 3837 in
517 3773 670 3837 Platonis
693 3785 784 3838 textu
808 3774 911 3837 obviis
935 3775 1060 3856 primas
1085 3776 1317 3856 adspexerunt
1342 3792 1400 3854 pa·

205 3894 310 3974 ginas‚
335 3902 418 3957 nota
441 3902 519 3956 sunt
544 3894 608 3955 ista
632 3913 676 3955 ex
701 3894 859 3957 Mediceo
884 3894 1011 3957 altero:

248 4011 351 4093 (Hist.
384 4011 428 4086 ΙΙ,
459 4011 532 4094 98);
565 4030 658 4073 mare
689 4032 825 4093 quoque
854 4021 888 4075 et
913 4014 959 4075 esi
974 4013 1094 4097 flabra
1117 4012 1281 4095 aquilonis
1305 4031 1398 4074 arum

206 4128 285 4192 flatu
307 4131 340 4192 in
358 4129 534 4193 Orientem
554 4131 792 4225 navigantibus
810 4133 1008 4206 secundum,
1022 4133 1101 4194 inde
1114 4133 1292 4194 adversum
1306 4138 1378 4193 erat

206 4256 239 4308 et
270 4246 373 4329 (Hist.
407 4247 467 4322 111,
502 4250 572 4328 20):
602 4257 637 4310 et
662 4248 778 4322 vineis,
805 4250 1061 4313 nzachinamenti
1079 4270 1186 4332 genus
1208 4250 1257 4311 ad
1276 4261 1401 4331 expug-

205 4367 328 4430 nandos
347 4387 461 4429 muros
479 4367 513 4429 in
533 4368 664 4431 modum
685 4370 834 4432 turrium
847 4371 983 4450 factum
1005 4370 1031 4429 is
1051 4368 1281 4451 aggredienda
1306 4367 1400 4430 urbs,
