3210 5274
754 1389 833 1453 VII.

242 1616 299 1679 Ad
332 1617 474 1679 Pollium
508 1637 596 1679 nunc
628 1619 732 1680 redeo
760 1616 977 1698 lepidamque
1003 1614 1142 1676 eiusde
1168 1615 1325 1696 populari
1347 1614 1388 1675 lo·

198 1737 323 1817 quendi
357 1737 440 1798 vitio
464 1735 750 1811 observationem,
775 1755 844 1816 quo
867 1754 969 1816 saepe
992 1733 1160 1808 homines,
1186 1735 1270 1796 dum
1295 1751 1388 1815 quarn

199 1854 342 1937 plurima
366 1854 542 1929 vocabula,
567 1875 627 1916 suo
652 1863 799 1936 cognata
823 1853 969 1928 affectui,
994 1873 1099 1915 unum
1124 1853 1158 1914 in
1184 1852 1300 1915 locum
1319 1871 1390 1914 con-

199 1982 330 2055 gerunt,
360 1975 553 2057 argumenti
576 1974 626 2035 sui
651 1973 719 2035 vim
744 1973 833 2035 ultro
856 1972 1052 2054 infringunt.
1078 1972 1149 2034 Iam
1177 1992 1284 2035 unum
1309 1978 1390 2033 certe

199 2093 289 2173 apud
317 2092 474 2155 Tacitum
499 2093 650 2155 eiusdem
676 2092 749 2154 vitii
775 2092 812 2173 (si
838 2092 905 2154 iam
930 2090 1049 2154 vitium
1073 2090 1141 2153 dici
1165 2098 1283 2172 potest
1308 2088 1390 2172 quod

200 2232 243 2271 ex
276 2211 347 2292 ipsa
379 2212 524 2273 hominis
553 2213 700 2273 nascitur
726 2212 852 2293 mente)
878 2219 1012 2274 exstare
1036 2209 1234 2292 exemplum
1260 2211 1390 2272 demon·

200 2329 301 2391 stravi
335 2329 391 2410 (ll.
426 2330 449 2404 1,
485 2331 547 2410 33),
576 2330 840 2410 dubitanterque
866 2330 908 2391 de
932 2328 1039 2391 altero
1065 2327 1200 2391 locutus
1224 2349 1300 2391 sum
1324 2329 1389 2391 loce

200 2448 255 2529 (Α.
278 2448 303 2521 1,
323 2448 356 2528 4)
381 2447 438 2510 ubi
464 2448 555 2510 idern
575 2468 636 2510 usu
658 2449 773 2511 venire
795 2449 977 2511 videretur.
998 2447 1152 2510 Tertium
1173 2468 1264 2510 nunc
1285 2447 1389 2510 locum

199 2568 343 2651 addam„
362 2568 420 2648 qui
447 2576 537 2630 recte
562 2567 703 2649 intelligi
729 2567 809 2630 mihi
835 2587 902 2630 non
929 2587 1028 2650 posse
1052 2567 1188 2629 videtur
1214 2569 1276 2630 nisi
1303 2566 1388 2629 Pollii

201 2686 273 2747 lucc
300 2685 492 2748 illustretur.

248 2802 291 2864 ll.
328 2803 389 2878 IV,
428 2820 477 2884 32.
515 2803 664 2866 Mittitur
697 2804 740 2866 ad
778 2803 921 2866 Civilem
956 2824 977 2867 a
1012 2802 1177 2865 Romanis
1212 2803 1388 2866 Montanus

203 2922 322 2984 Treuir
350 2930 405 3001 „ut
428 2922 607 2984 absisteret
632 2920 723 2984 bello
743 2941 830 2984 neve
851 2931 992 2984 externa
1010 2941 1104 2984 arma
1124 2920 1216 2984 salsis
1238 2918 1387 2995 velaret'l

203 3050 237 3102 at
270 3040 385 3103 Civilis
421 3040 496 3119 „ubi
530 3040 622 3102 videt
656 3040 859 3104 Montanum
884 3039 1116 3122 praeferocem
1140 3040 1280 3121 ingenio
1305 3060 1387 3122 para·

204 3168 344 3240 tumque
377 3160 409 3220 in
442 3180 494 3221 res
519 3157 646 3221 novas’'
670 3159 758 3222 ultro
784 3179 861 3221 eum
885 3160 929 3222 ad
953 3159 1032 3221 belli
1058 3158 1162 3222 allicit
1186 3162 1387 3230 societatem,

203 3278 357 3340 oratione
393 3278 561 3352 habenda,
593 3298 680 3360 quae
712 3279 746 3340 in
778 3286 846 3340 tres
878 3277 1042 3339 dividitur
1074 3286 1205 3359 partes:
1237 3299 1270 3340 a.
1301 3277 1387 3341 Diras

203 3416 267 3477 ego
289 3396 430 3459 ulciscor
450 3397 586 3459 iniurias
607 3416 626 3458 a
647 3396 808 3458 Romanis
827 3402 997 3477 acceptas,
1018 3395 1141 3477 quibus
1161 3397 1265 3458 sivos
1283 3395 1388 3459 fideles

205 3516 403 3589 manseritis,
436 3536 518 3579 mox
542 3517 632 3578 idem
658 3516 749 3596 quod
776 3535 840 3596 ego
864 3515 1097 3597 experiemini.
1121 3515 1150 3577 b.
1176 3515 1296 3578 Virtus
1320 3515 1388 3579 Ger·

205 3655 380 3699 manorum
416 3636 551 3698 vincere
588 3641 701 3716 potest
737 3634 972 3696 Romanorum
1007 3633 1273 3697 multitudinem.
1307 3656 1332 3698 c.
1363 3632 1389 3698 Si

204 3763 318 3817 tamen
351 3753 431 3816 victi
464 3755 597 3827 erimus,
630 3754 725 3835 peior
755 3751 826 3814 fieri
859 3753 1012 3815 conditio
1041 3761 1157 3816 nostra
1181 3772 1250 3816 non
1276 3760 1390 3835 potest

205 3872 325 3935 Altera
349 3882 462 3934 autem
488 3892 565 3954 pars
589 3872 636 3934 sic
661 3871 705 3933 ab
730 3891 771 3933 eo
796 3873 1008 3934 enuntiatur:

254 3990 325 4069 „En
357 4011 432 4071 ego,
464 3990 654 4071 praefectus
683 3990 779 4052 unius
803 3989 952 4052 cohortis
976 3998 1011 4052 et
1036 3988 1278 4053 Canninefates
1304 3989 1393 4052 Bata·

206 4109 318 4189 vique,
350 4108 472 4189 exigua
505 4106 688 4170 Galliarum
719 4107 841 4188 portio,
874 4128 961 4170 vana
992 4107 1048 4171 illa
1079 4115 1268 4170 castrorum
1291 4106 1395 4190 spatia

206 4227 394 4289 excidimus
419 4225 471 4288 vel
496 4236 614 4308 saepta
639 4225 726 4288 ferro
751 4224 907 4308 fameque
932 4226 1149 4309 premimus”.

251 4344 286 4407 Si
317 4345 501 4422 „immensa
525 4344 581 4406 illa
605 4341 735 4406 castra”
761 4344 911 4419 dixisset,
938 4345 1044 4408 multo
1070 4345 1234 4408 maiorem
1259 4345 1398 4409 haberet
