3210 5274
772 424 832 470 211

202 610 280 671 pars
311 590 418 653 altera
448 589 652 664 inclinasset,
684 590 821 652 abditos
852 591 885 652 in
917 589 1078 678 tabernis,
1103 600 1161 654 aut
1184 592 1210 653 si
1235 611 1338 671 quam
1363 591 1396 653 in

202 709 344 770 domum
380 707 614 790 perfugerant,
652 709 721 770 erui
758 708 970 790 iugularique
1005 709 1263 790 expostulantes
1302 718 1398 791 parte

203 830 331 891 maiore
355 829 502 909 praedae
528 827 781 910 potiebantur.”

248 947 410 1010 Facessat
441 946 520 1009 hinc
552 947 670 1021 altera,
704 947 796 1028 quod
822 947 998 1028 imperitus
1022 948 1202 1029 adscripsit
1228 948 1397 1029 magister.

202 1064 366 1147 Oportuit
390 1066 510 1129 saltem
535 1065 713 1129 alterutra.

247 1184 292 1246 H.
318 1185 379 1259 lll,
405 1186 457 1263 84.
487 1184 701 1248 Adoriuntur
727 1185 880 1248 Flaviani
905 1195 1016 1247 castra
1034 1185 1313 1260 Vitellianorum,
1340 1186 1397 1268 qui

200 1303 267 1378 illa,
300 1313 476 1386 tamquam
504 1306 661 1369 ultimum
686 1305 886 1387 perfugium,
910 1326 1042 1368 summa
1066 1305 1255 1369 defendunt
1278 1307 1399 1388 despe-

201 1424 352 1485 ratione:

252 1542 324 1622 ,Eo
344 1543 507 1604 intentius
528 1544 683 1617 victores,
706 1544 889 1625 praecipuo
902 1553 1055 1606 veterum
1069 1543 1260 1606 cohortium
1274 1545 1398 1618 studi0,

202 1670 327 1724 cuncta
336 1662 616 1724 validissimarum
626 1662 761 1724 urbium
774 1662 915 1724 excidiis
923 1669 1057 1744 reperta
1069 1662 1168 1724 simul
1178 1661 1400 1726 admovent.”

250 1782 316 1845 Hic
334 1785 510 1845 continere
527 1803 563 1845 se
582 1803 650 1844 non
665 1782 776 1865 potuit
789 1781 911 1844 sciolus
924 1783 1005 1863 quin
1018 1781 1209 1864 legentibus
1223 1783 1398 1846 doctrinae

201 1923 283 1966 suae
315 1905 558 1966 documentum
591 1904 687 1965 daret
717 1902 858 1982 insigne,
883 1901 943 1964 sed
968 1922 1055 1983 quae
1080 1911 1193 1965 essent
1216 1912 1320 1966 cunta
1342 1903 1399 1966 illa

204 2022 339 2085 urbium
368 2024 511 2086 excidiis
535 2030 670 2104 reperta
694 2020 840 2084 fideliter
863 2022 1091 2084 enumeravit:
1116 2023 1308 2086 testudinem
1332 2035 1399 2087 tor·

204 2154 313 2205 menta
325 2163 467 2225 aggeres
472 2144 641 2225 facesque.
656 2141 701 2203 Et
714 2139 798 2202 haec
812 2159 900 2202 nunc
914 2141 947 2201 in
962 2141 1075 2203 medio
1089 2161 1244 2203 sermone
1257 2142 1400 2204 Taciteo

203 2261 380 2343 leguntur;
402 2281 478 2323 cum
498 2270 627 2342 quanto
647 2259 772 2340 egregii
785 2257 850 2320 loci
864 2259 1070 2321 detrimento
1085 2260 1190 2321 vides.
1213 2259 1334 2322 Inutile
1348 2269 1400 2322 est

202 2380 336 2463 singula
360 2381 414 2443 hic
439 2381 617 2461 corrigere,
642 2387 679 2440 ut
703 2378 783 2440 iecit
808 2378 969 2452 Ritterus,
996 2379 1052 2459 qui
1073 2400 1230 2461 aggerem
1253 2380 1399 2442 coniecit

204 2523 267 2584 pro
285 2521 428 2584 aggeres
446 2509 480 2563 et
491 2500 603 2583 falces
621 2519 683 2581 pro
695 2500 809 2581 faee53
825 2496 1004 2593 una-litura
1017 2508 1140 2561 cuncta
1152 2499 1298 2562 delenda
1311 2507 1399 2562 sunt.
