3210 5274
777 353 838 433 156

206 520 361 595 decretis.
395 531 463 596 Sed
495 533 571 614 quis
602 533 720 596 credat
751 553 828 595 cum
860 543 989 595 crurctos
1016 530 1131 593 necari
1153 530 1292 593 iussisse
1314 531 1405 612 quod

206 662 294 717 esset
325 655 486 718 irritatus
516 654 710 738 suppliciis?
742 654 967 717 Barbarorum
1001 651 1201 713 immanium
1232 652 1323 713 istud
1348 660 1407 726 est,

206 774 259 837 vel
291 775 404 857 potius
432 773 577 837 serarum
602 774 798 849 bestiarum,
824 794 892 837 non
917 772 1075 846 hominis,
1099 791 1203 853 quem
1230 773 1274 834 ad
1300 781 1409 835 extre·

206 914 296 956 mam
329 914 435 975 usque
466 902 677 957 senectutem
710 914 812 957 sanae
839 893 1041 974 sobriaeque
1073 892 1196 954 mentis
1221 892 1408 955 admodum

208 1013 349 1076 multum
382 1012 559 1076 retinuisse
591 1012 645 1075 vel
677 1033 743 1075 una
767 1013 823 1075 illa
849 1013 1062 1077 demonstrat
1086 1010 1234 1093 epistola
1260 1012 1408 1093 capitum

191 1122 224 1211 ’5
252 1152 312 1213 sq.‚
339 1152 440 1213 quam
466 1133 570 1194 modo
594 1131 816 1194 laudavimus

252 1248 318 1313 Sed
343 1252 424 1332 quid
449 1252 611 1314 adversus
635 1251 793 1313 Tacitum
817 1251 860 1313 ad
885 1258 1075 1313 extremam
1099 1249 1231 1312 Tiberii
1257 1270 1406 1332 provoco

205 1368 438 1433 senectutem?
474 1370 536 1433 lllo
568 1371 657 1433 enim
690 1378 777 1433 teste
810 1390 852 1432 ne
885 1370 1017 1451 integra
1047 1371 1188 1451 quidem
1221 1378 1338 1433 aetate
1369 1391 1406 1432 ac

142 1530 153 1545 ·
206 1489 400 1552 valetudine
422 1490 465 1571 (v.
488 1489 580 1554 Suet.
601 1489 678 1551 Tib.
699 1509 728 1552 c.
754 1490 803 1571 11)
823 1489 980 1552 Tiberius
1000 1488 1099 1552 ullius
1117 1509 1271 1571 unquam
1290 1511 1405 1573 peper-

206 1611 252 1672 cit
285 1609 385 1689 vitae‚
418 1629 520 1691 quem
553 1610 595 1673 de
624 1610 737 1672 medio
763 1609 835 1672 tolli
860 1630 879 1672 e
903 1629 963 1672 sua
987 1630 1022 1672 re
1046 1630 1119 1672 esse
1143 1611 1332 1674 statuisset.
1358 1611 1406 1672 In·

208 1730 301 1811 spice
334 1731 437 1793 modo
469 1750 498 1792 c.
532 1746 583 1805 21,
614 1730 671 1793 ubi
696 1731 870 1812 quomodo
894 1729 1166 1804 mathematicos,
1191 1751 1281 1812 quos
1306 1750 1407 1793 vanos

206 1849 506 1932 fraudulentosque
528 1850 754 1933 cognovisset,
776 1851 819 1912 de
840 1850 980 1932 rupibus
1000 1851 1087 1912 deici
1104 1849 1266 1914 Tiberius
1279 1851 1406 1914 iusserit

207 1969 359 2050 legimus.
385 1970 506 2052 Neque
531 1971 635 2033 semel
660 1990 737 2033 eum
762 1969 825 2032 hac
849 1970 981 2032 ratione
1006 1990 1102 2032 usum
1126 1972 1189 2033 sed
1210 1971 1404 2053 saepissime

207 2108 250 2149 ex
274 2089 348 2169 ipso
372 2090 574 2152 narrationis
597 2090 710 2152 initio:
739 2089 892 2171 „quoties
911 2109 1013 2171 super
1033 2089 1091 2151 tali
1113 2091 1256 2173 negotio
1277 2089 1403 2154 consul·

206 2206 316 2270 taret''
340 2208 549 2271 efficeremus
570 2256 688 2272 ......
710 2209 772 2272 nisi
793 2209 990 2273 incredibile
1012 2208 1111 2272 nobis
1131 2209 1308 2273 videretur
1328 2212 1401 2272 vivo

205 2327 308 2389 ctiam
330 2336 364 2390 et
384 2328 574 2410 imperante
595 2328 752 2411 Augusto
772 2336 906 2401 tantum
927 2327 1060 2391 licuisse
1080 2328 1222 2403 homini,
1242 2330 1301 2411 qui
1318 2330 1399 2391 adeo

206 2454 295 2508 esset
325 2447 521 2530 imperatori
553 2457 730 2531 suspectus
762 2448 815 2511 vel
847 2449 984 2523 invisus,
1016 2457 1054 2511 ut
1084 2468 1105 2511 a
1131 2448 1347 2529 „voluntario
1369 2451 1399 2511 in

206 2567 349 2629 insulam
373 2588 552 2631 amoenam
576 2567 732 2632 secessu'’
753 2569 811 2650 (sic
832 2569 922 2631 enim
943 2567 1081 2631 exilium
1101 2567 1184 2630 illud
1206 2569 1399 2633 diuturnum

205 2688 402 2769 appellabat
426 2688 593 2770 Tiberius)
618 2689 649 2751 ei
674 2709 734 2771 per
759 2688 883 2752 multos
905 2708 1014 2752 annos
1038 2688 1147 2752 redire
1172 2707 1241 2751 non
1267 2690 1401 2772 permit·

205 2816 341 2881 teretur,
367 2807 447 2870 licet
470 2807 680 2890 supplicibus
702 2808 812 2871 adiret
837 2807 1029 2890 Augustum
1055 2807 1223 2890 precibus.

251 2928 326 2991 Hoc
358 2937 473 2991 tamen
499 2936 645 3002 constat,
669 2928 713 2990 ad
738 2927 875 2990 ultimos
898 2926 1026 2989 Tiberii
1050 2946 1157 2989 annos
1181 2946 1260 2988 cum
1287 2946 1400 3009 perve-

205 3050 291 3110 nerit
320 3048 469 3123 Tacitus,
496 3068 697 3111 coacervare
722 3068 799 3110 eum
823 3048 938 3111 omnia
962 3065 1185 3128 quaecunque
1210 3046 1401 3129 legentibus

205 3188 307 3250 quam
340 3169 488 3231 maxime
512 3169 657 3230 invisum
682 3168 908 3248 odiosumque
932 3166 1121 3249 principem
1147 3165 1306 3240 reddant,
1331 3174 1401 3227 tum

205 3287 386 3369 praecipue
410 3306 549 3369 operam
573 3287 654 3349 dare
678 3306 755 3348 eum
781 3295 818 3348 ut
842 3285 968 3367 ubique
990 3284 1254 3358 simulationem,
1275 3282 1402 3365 gloriae

204 3408 364 3481 studium,
389 3408 524 3470 aliudve
544 3407 753 3488 suspicemur
775 3406 898 3469 mentis
918 3406 1048 3480 vitium,
1069 3403 1148 3467 licet
1169 3423 1211 3465 ne
1231 3401 1402 3466 levissima

205 3527 343 3608 quidem
363 3527 451 3590 adsit
471 3526 591 3608 culpae
610 3526 751 3608 species,
772 3525 832 3587 sed
853 3526 967 3587 omnia
985 3523 1133 3606 aliquam
1151 3522 1222 3585 eius
1237 3523 1400 3586 virtutem

204 3646 384 3727 designent
409 3647 531 3728 potius
557 3645 662 3708 Velut
687 3644 751 3707 hoc
776 3653 828 3707 est
852 3644 944 3725 quod
969 3664 998 3706 c.
1022 3657 1063 3723 45
1091 3650 1261 3705 narratur:

254 3765 369 3845 „Idem
401 3787 509 3828 annus
530 3766 624 3847 gravi
650 3765 727 3847 igne
753 3763 871 3826 urbem
896 3762 1022 3839 adficit,
1047 3762 1166 3825 deusta
1191 3770 1290 3843 parte
1313 3760 1404 3833 circi,

203 3905 291 3966 quae
317 3885 491 3947 Aventino
515 3884 684 3965 contigua,
711 3884 854 3966 ipsoque
878 3878 1087 3945 Aventino.’'

250 4003 338 4085 Quid
364 4013 436 4066 tum
461 4001 635 4065 Tiberius?
656 4003 779 4083 Ingens
800 4001 880 4064 illud
903 4001 1064 4063 damnum
1086 4017 1220 4061 summa
1239 4017 1405 4080 compen·

204 4124 291 4185 savit
304 4122 514 4203 benignitate
529 4120 838 4202 munificentiaque.
851 4119 1045 4183 Laudarine
1059 4137 1147 4180 nunc
1160 4137 1239 4180 eum
1252 4138 1273 4180 a
1282 4117 1405 4181 Tacito

204 4240 322 4322 putas?
344 4242 454 4303 immo
475 4260 572 4303 vero:
595 4239 678 4302 haec
700 4259 837 4321 quoque
858 4258 910 4302 res
927 4237 1107 4300 accusandi
1126 4235 1403 4318 reprehendendi

205 4360 453 4441 perstringendi
486 4359 627 4442 praebet
655 4359 685 4420 ei
713 4356 921 4420 facultatem.
946 4356 1002 4421 Sic
1026 4356 1117 4418 enirn
1142 4375 1245 4438 porro
1269 4364 1403 4420 narrat:
