3210 5274
782 378 822 442 39

252 534 392 597 Addam
417 536 586 615 quaedam
611 537 653 598 de
679 535 754 598 loco
778 538 902 600 diversi
926 539 1067 619 generis,
1094 540 1126 600 in
1148 559 1216 619 quo
1237 539 1328 601 nulla
1349 548 1400 602 est

203 654 304 737 culpa
324 654 507 736 scriptoris,
530 655 656 717 nullum
678 655 803 718 librarii
824 657 953 731 vitium,
971 657 1027 738 qui
1041 665 1156 719 tamen
1169 665 1221 720 est
1233 659 1399 721 eiusmodi

202 781 240 836 ut
260 774 372 836 obiter
392 772 545 854 legentes
565 773 661 835 facile
682 775 715 837 in
732 770 885 837 'errorem
906 776 1038 857 possint
1058 776 1182 838 induci.
1197 774 1303 839 Simul
1317 775 1398 838 mihi

202 893 345 976 praebet
367 892 563 955 facultatem
583 893 626 954 ad
641 892 884 964 Woelfflinium
898 895 1072 968 redeundi,
1086 914 1106 955 a
1119 895 1212 957 cuius
1225 895 1399 976 praeclaro

203 1013 345 1075 invento
370 1020 445 1074 tota
468 1011 553 1074 haec
579 1020 631 1074 est
655 1011 807 1094 profecta
832 1013 1029 1095 disputatio
1054 1012 1117 1075 Est
1142 1012 1185 1074 H.
1211 1013 1272 1085 IV,
1297 1029 1349 1094 79.

248 1129 520 1212 Agrippinenses
533 1131 694 1194 auxilium
709 1131 874 1213 petebant
886 1151 906 1193 a
919 1131 1072 1206 Cereale;
1087 1131 1222 1193 interim
1232 1130 1298 1193 iam
1308 1150 1399 1194 com·

206 1250 367 1312 miserant
392 1250 425 1312 id
451 1252 544 1331 quod
565 1250 722 1312 effecerat
744 1259 781 1312 ut
801 1270 912 1331 neque
932 1251 1045 1313 denuo
1065 1270 1141 1312 cum
1162 1249 1268 1312 Civile
1289 1249 1399 1312 lacere

205 1377 345 1451 possent
367 1376 402 1430 et
421 1368 508 1430 illius
529 1368 761 1431 Romanorum
782 1369 896 1432 auxilii
912 1389 1014 1450 quam
1029 1370 1176 1432 maxime
1189 1369 1398 1450 indigerent:

204 1485 395 1549 Germanos
408 1487 498 1549 enim
511 1487 677 1567 dispersas
688 1487 722 1549 in
731 1486 879 1549 domibus
886 1489 1149 1550 trucidaverant.
1160 1487 1236 1550 Hoc
1245 1495 1297 1550 est
1306 1489 1398 1569 quod

203 1607 407 1668 nostratium
421 1605 603 1687 proverbio
616 1605 753 1667 dicitur:
761 1617 846 1687 pane
857 1617 989 1689 tergum
1002 1628 1101 1670 naves
1112 1628 1192 1669 suas
1199 1607 1398 1670 comburere.

202 1725 333 1790 Cavete
358 1746 447 1789 nunc
471 1726 535 1788 sibi
556 1726 730 1789 debebant
751 1727 946 1808 priusquam
967 1747 986 1789 a
1006 1726 1102 1789 clade
1121 1735 1263 1808 accepta
1284 1727 1399 1788 hostes

201 1845 388 1928 (Germani)
417 1845 600 1927 „reparatis
625 1844 751 1906 viribus
774 1845 817 1906 ad
843 1864 940 1926 spem
965 1844 1018 1906 vel
1038 1845 1081 1906 ad
1104 1844 1267 1906 ultionem
1288 1845 1399 1907 accin-

202 1963 397 2048 gerentur'’.
422 1963 580 2045 Namque
605 1964 672 2025 iam
697 1963 874 2027 Coloniam
899 1965 1086 2027 intenderat
1108 1964 1140 2043 (i.
1166 1983 1195 2025 e.
1220 1947 1398 2027 consilium

202 2090 343 2165 ceperat
363 2103 405 2145 eo
426 2082 541 2162 eundi)
561 2081 677 2144 Civilis
696 2101 772 2144 cum
794 2082 934 2144 cohorte
955 2082 1087 2162 integra
1103 2081 1250 2162 bellique
1264 2082 1398 2164 cupida,

202 2222 291 2284 quae
311 2202 466 2264 Tolbiaci
487 2200 623 2282 agebat.
645 2198 713 2263 Sed
734 2201 839 2263 tristis
858 2200 996 2263 nuntius
1016 2220 1093 2263 eum
1113 2201 1157 2263 ab
1178 2201 1243 2263 hoc
1255 2201 1399 2264 abduxit

202 2322 395 2404 proposito:
418 2321 567 2383 deletam
587 2320 764 2383 cohortem
784 2319 857 2382 dola
875 2320 1179 2402 Agrippinensium,
1200 2320 1257 2400 qui
1280 2319 1400 2401 „largis

203 2439 313 2522 epulis
336 2441 484 2520 vinoque
508 2440 638 2520 sopitos
658 2437 856 2512 Germanos,
878 2438 998 2501 clausis
1018 2438 1153 2513 loribus,
1175 2439 1252 2520 igne
1273 2438 1399 2501 iniecto

202 2557 430 2622 cremavere”.
453 2557 554 2620 Haud
575 2557 678 2619 dubie
700 2556 742 2618 de
762 2556 889 2638 duplici
911 2557 1158 2620 Germanorum
1171 2559 1274 2620 caede
1287 2577 1398 2620 sermo

202 2679 258 2741 hic
288 2687 350 2752 est,
375 2697 454 2740 nam
479 2677 589 2758 primo
612 2676 740 2738 diversi
760 2675 922 2738 trucidati
944 2675 1103 2738 Germani
1127 2677 1294 2750 dicuntur,
1320 2677 1398 2739 dein

201 2798 381 2860 cohortem
406 2803 591 2858 crematam
616 2793 744 2856 loribus
767 2793 888 2856 clausis
908 2793 1061 2876 legimus,
1084 2794 1141 2857 ubi
1166 2816 1247 2876 ergo
1267 2797 1309 2858 de
1330 2816 1398 2858 uno

201 2915 443 2980 tantummodo
463 2933 575 2976 sermo
595 2922 647 2976 est
666 2913 833 2976 aedificio.
855 2912 963 2995 Atqui
984 2912 1106 2975 hostile
1127 2913 1255 2976 lacinus
1270 2936 1291 2977 a
1308 2914 1397 2978 Cala·

201 3039 277 3100 niae
296 3035 410 3099 incolis
425 3035 586 3097 adversus
604 3033 792 3096 Germanos
804 3032 1021 3093 commissum
1035 3032 1148 3114 potius
1160 3052 1202 3094 eo
1215 3033 1398 3095 advocatu·

202 3176 277 3218 rum
300 3164 373 3217 erat
398 3153 541 3217 Civilem
565 3172 668 3234 quam
693 3152 771 3213 inde
795 3170 1002 3213 aversurum.
1025 3151 1154 3214 Cohors
1174 3151 1231 3215 illa
1250 3165 1397 3216 cremata

201 3276 323 3337 eadem
348 3282 399 3336 est
423 3292 568 3355 quacum
592 3271 768 3334 Coloniam
793 3270 986 3331 tetenderat
1010 3269 1137 3346 Civilis;
1165 3280 1333 3334 crematur
1358 3292 1398 3336 ea

202 3393 369 3468 Tolbiaci,
393 3391 453 3455 sed
477 3391 550 3453 dolo
573 3389 867 3472 Agrippinensium
892 3388 973 3450 illud
999 3387 1124 3451 lactum
1149 3398 1241 3451 recte
1265 3391 1396 3466 dicitur,

202 3512 366 3594 quoniam
396 3511 430 3573 in
454 3509 581 3594 finibus
612 3508 905 3590 Agrippinensium
937 3508 1039 3569 situm
1063 3516 1114 3569 est
1138 3508 1338 3571 Tolbiacum
1363 3518 1397 3572 et

202 3629 446 3693 Tolbiacenses
477 3627 539 3709 ipsi
570 3634 648 3689 sunt
680 3625 959 3707 Agrippinenses.
993 3624 1092 3687 Hunc
1124 3647 1260 3708 quoque
1284 3627 1395 3690 locum

201 3749 324 3830 aliquis
348 3755 518 3828 proponat
541 3745 713 3807 literarum
736 3742 835 3806 alicui
859 3743 1021 3816 studioso,
1046 3745 1201 3823 quamvis
1222 3754 1397 3826 provecte,

201 3867 262 3928 sed
289 3865 347 3946 qui
372 3866 404 3925 in
429 3864 550 3926 Tacito
575 3864 699 3944 hospes
724 3862 826 3923 etiam
847 3869 915 3935 est;
938 3862 1049 3924 mirari
1071 3882 1152 3924 mox
1171 3864 1303 3925 desinet
1323 3864 1398 3928 Plu·

202 3983 335 4056 tarcho,
359 4002 436 4045 cum
461 3983 504 4044 de
526 3980 687 4043 militibus
708 3980 820 4042 urbem
839 3978 1075 4060 palatiumque
1095 3983 1290 4062 petentibus
1310 3984 1398 4065 lege·

203 4111 264 4176 ret,
292 4102 326 4163 in
352 4108 501 4163 mentem
527 4119 594 4162 non
619 4100 750 4162 venisse
775 4098 818 4159 de
843 4099 1066 4179 praetorianis
1090 4101 1154 4182 agi.
