3210 5274
743 350 760 411 3

154 510 236 572 dum
260 507 437 572 videatur”
462 509 510 571 sic
534 509 717 571 edicebant
741 510 803 572 viri
824 510 928 585 docti,
950 530 1055 592 penes
1076 530 1162 593 quos
1182 530 1352 572 summum

154 627 334 710 imperium
354 647 427 690 esse
446 628 642 690 videbatur:
665 627 852 702 „habemus
870 629 960 691 enim
979 629 1012 690 id
1032 631 1124 710 quod
1143 649 1350 712 quemquam

153 749 341 829 quidquam
365 768 426 811 suo
450 748 615 811 arbitratu
640 747 694 810 vel
719 747 829 811 lacere
854 748 907 810 vel
931 750 1062 831 opinari
1088 750 1228 824 vetabit,
1250 750 1353 813 habe-

154 887 229 929 mus
254 902 296 913 -
320 886 341 929 o
374 865 513 929 meliora
544 868 684 929 tandem
717 868 846 930 discere
878 868 989 950 incipe
1022 868 1174 950 quisquis
1205 878 1265 932 tuo
1289 870 1352 933 tibi

153 988 312 1049 standum
349 987 474 1049 iudicio
511 995 610 1070 putas
641 1023 685 1032 -
716 1000 844 1050 LEGEM
855 986 884 1050 !'’
922 988 993 1050 Iam
1032 987 1090 1051 illo
1121 987 1204 1071 legis
1234 990 1351 1052 audito

155 1105 324 1170 vocabulo
348 1106 423 1187 quis
448 1126 516 1169 non

468 1224 574 1301 μέγκν
598 1223 681 1288 ὄκνον
707 1224 775 1305 ἔχει
801 1225 853 1289 nal
878 1225 1064 1305 πεφόβητκι

421 1344 522 1424 Otium
546 1344 584 1414 ὥς
607 1342 698 1421 ὄμμα
723 1344 871 1415 neustria?

156 1464 249 1545 Ergo
272 1460 415 1538 ἔπτηξαν
440 1463 571 1536 πάντες.

201 1583 290 1647 Nam
315 1584 428 1647 hercle
452 1576 536 1647 dura
560 1595 633 1648 erat
657 1585 713 1648 illa
739 1585 873 1648 Nisseni
898 1586 954 1648 lex
979 1588 1032 1649 cui
1058 1590 1246 1669 parendum
1270 1597 1352 1651 erat.

158 1703 284 1787 „Apud
316 1705 476 1787 antiquos
508 1707 535 1767 si
569 1707 644 1787 quis
675 1705 846 1768 scribebat
878 1707 970 1786 quod
1003 1707 1166 1788 scriptum
1191 1708 1257 1769 iam
1281 1717 1355 1770 erat

154 1824 199 1887 ab
230 1824 308 1897 alio,
338 1824 421 1886 nihil
445 1824 500 1887 ille
525 1825 690 1899 mutabat,
715 1825 774 1886 sed
801 1825 893 1905 quod
918 1825 1104 1898 invenerat,
1130 1826 1177 1888 ita
1200 1834 1237 1888 ut
1262 1827 1354 1889 inve·

155 1952 262 2017 uerat,
298 1943 331 2006 in
368 1964 465 2006 suum
497 1943 723 2007 transferebat
755 1942 911 2006 librum’'.
944 1942 1120 2006 Adversus
1151 1946 1354 2026 sapientiam

155 2062 248 2125 illam
273 2062 457 2125 caelestem

335 2181 466 2245 Primus
490 2181 605 2245 Gallus
630 2182 734 2245 homo
759 2184 919 2246 mortales
943 2184 1084 2246 tendere
1109 2193 1228 2247 contra

336 2301 399 2363 Est
424 2300 541 2364 oculos
565 2321 665 2364 ausus
689 2303 884 2383 primusque
910 2303 1074 2365 obsistere
1098 2313 1227 2367 contra.

156 2419 261 2483 Anno
285 2421 376 2484 enim
406 2422 486 2503 1895
514 2419 643 2483 Gaston
670 2421 816 2484 Boissier
836 2419 848 2482 ὅ
869 2418 952 2483 πάνυ
973 2422 1080 2485 diario
1101 2442 1130 2484 c.
1151 2432 1175 2485 t.
1201 2423 1356 2504 „Journal

155 2539 217 2602 des
249 2538 417 2603 Savants’'
443 2561 476 2622 p.
499 2556 564 2620 403
595 2559 670 2621 sqq.
696 2541 964 2631 disputationem
988 2541 1202 2603 inserendam
1227 2543 1356 2603 curavit

156 2661 354 2743 inscriptam
391 2658 458 2739 „les
487 2678 623 2722 sources
647 2660 690 2722 de
715 2659 867 2734 Tacite’',
892 2679 959 2740 qua
983 2660 1096 2741 lepide
1120 2659 1275 2740 salseque
1299 2661 1356 2722 de·

156 2781 360 2843 monstravit
383 2779 549 2842 eiusmodi
574 2778 695 2860 legem,
720 2779 747 2841 si
776 2779 912 2858 „stricto
936 2778 1057 2840 sensu”
1083 2780 1126 2841 sit
1147 2779 1355 2860 accipienda,

157 2919 330 2982 nunquam
364 2918 506 2980 usquam
535 2898 689 2974 valuisse,
713 2899 740 2960 si
764 2898 902 2961 liberius
925 2899 969 2961 sit
994 2900 1260 2981 interpretanda,
1286 2918 1357 2961 om·

157 3020 251 3082 nium
276 3018 377 3081 luisse
402 3019 606 3101 populorum
630 3028 849 3099 aetatumque
875 3020 1037 3082 omnium.

205 3138 325 3219 „Nunc
349 3139 486 3201 demum
508 3138 596 3200 redit
616 3135 769 3200 animus’'
790 3146 824 3199 et
845 3157 1051 3219 quamquam
1073 3140 1182 3221 primo
1202 3147 1357 3221 tempore

157 3265 341 3340 postquam
363 3256 450 3319 hanc
472 3255 579 3319 lacem
601 3256 724 3320 extulit
745 3256 900 3331 Boissier,
922 3258 1074 3320 nondum
1095 3257 1128 3318 in
1144 3257 1234 3319 clara
1247 3277 1358 3320 versa·

157 3376 279 3440 bamur
309 3376 395 3450 luce,
426 3385 543 3439 tamen
575 3378 642 3439 iam
675 3377 777 3460 paulo
810 3376 929 3439 melius
960 3397 1062 3457 quam
1093 3384 1195 3439 antea
1226 3376 1358 3458 singula

157 3498 390 3573 discernimus,
415 3499 609 3579 sensimque
634 3497 853 3580 intelligimus
877 3505 1041 3579 quantum
1067 3497 1100 3559 in
1124 3496 1199 3578 lege
1221 3496 1356 3559 Nisseni

158 3626 193 3681 et
225 3618 259 3681 in
291 3617 453 3699 opinione
484 3617 541 3679 illa
572 3617 615 3679 de
646 3617 768 3680 Tacito
797 3616 942 3679 fideliter
964 3623 1120 3678 auctores
1143 3615 1358 3677 exscribente

157 3735 290 3798 ridiculi
321 3736 365 3799 sit
393 3744 497 3818 atque
522 3736 669 3798 absurdi.
696 3736 810 3800 Unum
836 3735 928 3797 dabo
952 3733 1157 3815 exemplum,
1183 3753 1251 3813 quo
1276 3732 1359 3795 nihil

158 3854 202 3917 ad
227 3853 489 3935 significandum
513 3854 594 3935 quid
620 3874 777 3917 censeam
801 3854 913 3936 aptius
940 3854 1105 3916 videatur.

204 3972 343 4036 Tacitus
378 3973 435 4055 (H.
469 3972 494 4047 1,
527 3973 581 4056 74)
614 3983 728 4036 narrat
759 3974 967 4054 aliquamdiu
1000 3971 1174 4036 Othonem
1206 3972 1293 4033 inter
1325 3978 1359 4031 et

159 4092 339 4155 Vitellium
376 4091 476 4155 luisse
512 4093 686 4174 quoddam
723 4094 766 4154 de
800 4112 884 4175 pace
916 4092 1156 4173 componenda
1186 4090 1359 4152 literarum

157 4212 414 4286 commercium,
447 4212 541 4294 quod
572 4220 687 4275 tamen
721 4211 795 4293 paci
829 4209 938 4273 obluit
964 4212 1070 4293 magis
1095 4230 1196 4291 quam
1222 4206 1359 4291 proluit,

158 4351 239 4395 nam
268 4329 391 4412 „mox”
415 4331 532 4414 (ipsius
556 4330 640 4394 haec
664 4331 774 4393 Taciti
801 4328 906 4392 verba
929 4332 1018 4411 sunt)
