<?xml version="1.0" encoding="UTF-8"?>
<!DOCTYPE html PUBLIC "-//W3C//DTD XHTML 1.0 Transitional//EN"
    "http://www.w3.org/TR/xhtml1/DTD/xhtml1-transitional.dtd">
<html xmlns="http://www.w3.org/1999/xhtml" xml:lang="en" lang="en">
 <head>
  <title>
</title>
<meta http-equiv="Content-Type" content="text/html;charset=utf-8" />
  <meta name='ocr-system' content='tesseract 3.04.00' />
  <meta name='ocr-capabilities' content='ocr_page ocr_carea ocr_par ocr_line ocrx_word'/>
</head>
<body>
  <div class='ocr_page' id='page_1' title='image "./analectatacitea00hartgoog_0141.png"; bbox 0 0 3210 5274; ppageno 0'>
   <div class='ocr_carea' id='block_1_1' title="bbox 756 1424 853 1488">
    <p class='ocr_par' dir='ltr' id='par_1_1' title="bbox 756 1424 853 1488">
     <span class='ocr_line' id='line_1_1' title="bbox 756 1424 853 1488; baseline -0.021 0"><span class='ocrx_word' id='word_1_1' title='bbox 756 1424 853 1488; x_wconf 93' lang='lat' dir='ltr'><strong>XIII.</strong></span> 
     </span>
    </p>
   </div>
   <div class='ocr_carea' id='block_1_2' title="bbox 201 1644 1394 2091">
    <p class='ocr_par' dir='ltr' id='par_1_2' title="bbox 201 1644 1394 2091">
     <span class='ocr_line' id='line_1_2' title="bbox 247 1644 1387 1731; baseline -0.006 -19"><span class='ocrx_word' id='word_1_2' title='bbox 247 1649 366 1712; x_wconf 90' lang='lat' dir='ltr'>Redeo</span> <span class='ocrx_word' id='word_1_3' title='bbox 398 1670 486 1713; x_wconf 91' lang='lat' dir='ltr'>nunc</span> <span class='ocrx_word' id='word_1_4' title='bbox 519 1670 560 1713; x_wconf 90' lang='lat' dir='ltr'>eo</span> <span class='ocrx_word' id='word_1_5' title='bbox 593 1652 684 1713; x_wconf 89' lang='lat' dir='ltr'>unde</span> <span class='ocrx_word' id='word_1_6' title='bbox 716 1658 790 1713; x_wconf 91' lang='lat' dir='ltr'>tota</span> <span class='ocrx_word' id='word_1_7' title='bbox 821 1649 905 1712; x_wconf 92' lang='lat' dir='ltr'>haec</span> <span class='ocrx_word' id='word_1_8' title='bbox 936 1648 1090 1731; x_wconf 87' lang='lat' dir='ltr'>profecta</span> <span class='ocrx_word' id='word_1_9' title='bbox 1120 1656 1174 1709; x_wconf 92' lang='lat' dir='ltr'>est</span> <span class='ocrx_word' id='word_1_10' title='bbox 1202 1644 1387 1728; x_wconf 88' lang='lat' dir='ltr'>disputatio.</span> 
     </span>
     <span class='ocr_line' id='line_1_3' title="bbox 203 1768 1390 1852; baseline -0.003 -21"><span class='ocrx_word' id='word_1_11' title='bbox 203 1769 295 1832; x_wconf 94' lang='lat' dir='ltr'>Nihil</span> <span class='ocrx_word' id='word_1_12' title='bbox 317 1790 466 1852; x_wconf 90' lang='lat' dir='ltr'>unquam</span> <span class='ocrx_word' id='word_1_13' title='bbox 487 1771 659 1834; x_wconf 87' lang='lat' dir='ltr'>obstitisse</span> <span class='ocrx_word' id='word_1_14' title='bbox 680 1770 988 1833; x_wconf 87' lang='lat' dir='ltr'>demonstravimus</span> <span class='ocrx_word' id='word_1_15' title='bbox 1007 1768 1191 1850; x_wconf 89' lang='lat' dir='ltr'>quominus</span> <span class='ocrx_word' id='word_1_16' title='bbox 1211 1768 1390 1848; x_wconf 81' lang='lat' dir='ltr'>quIsquam,</span> 
     </span>
     <span class='ocr_line' id='line_1_4' title="bbox 201 1886 1393 1971; baseline -0.004 -20"><span class='ocrx_word' id='word_1_17' title='bbox 201 1889 259 1969; x_wconf 90' lang='lat' dir='ltr'>qui</span> <span class='ocrx_word' id='word_1_18' title='bbox 291 1889 429 1971; x_wconf 83' lang='lat' dir='ltr'>ingenio</span> <span class='ocrx_word' id='word_1_19' title='bbox 461 1890 623 1952; x_wconf 91' lang='lat' dir='ltr'>memoria</span> <span class='ocrx_word' id='word_1_20' title='bbox 656 1890 821 1953; x_wconf 83' lang='lat' dir='ltr'>Industria</span> <span class='ocrx_word' id='word_1_21' title='bbox 852 1889 933 1951; x_wconf 91' lang='lat' dir='ltr'>satis</span> <span class='ocrx_word' id='word_1_22' title='bbox 961 1886 1099 1960; x_wconf 88' lang='lat' dir='ltr'>valeret,</span> <span class='ocrx_word' id='word_1_23' title='bbox 1125 1907 1231 1968; x_wconf 89' lang='lat' dir='ltr'>quam</span> <span class='ocrx_word' id='word_1_24' title='bbox 1256 1888 1393 1968; x_wconf 89' lang='lat' dir='ltr'>optimus</span> 
     </span>
     <span class='ocr_line' id='line_1_5' title="bbox 201 2005 1394 2091; baseline -0.004 -22"><span class='ocrx_word' id='word_1_25' title='bbox 201 2009 364 2071; x_wconf 91' lang='lat' dir='ltr'>evaderet</span> <span class='ocrx_word' id='word_1_26' title='bbox 395 2008 583 2084; x_wconf 88' lang='lat' dir='ltr'>historicus,</span> <span class='ocrx_word' id='word_1_27' title='bbox 616 2008 796 2091; x_wconf 85' lang='lat' dir='ltr'>legemque</span> <span class='ocrx_word' id='word_1_28' title='bbox 828 2007 919 2070; x_wconf 88' lang='lat' dir='ltr'>illam</span> <span class='ocrx_word' id='word_1_29' title='bbox 945 2005 1184 2069; x_wconf 88' lang='lat' dir='ltr'>Nissenianam</span> <span class='ocrx_word' id='word_1_30' title='bbox 1209 2006 1394 2069; x_wconf 87' lang='lat' dir='ltr'>auctoribus</span> 
     </span>
    </p>
   </div>
   <div class='ocr_carea' id='block_1_3' title="bbox 202 2122 1394 2210">
    <p class='ocr_par' dir='ltr' id='par_1_3' title="bbox 202 2122 1394 2210">
     <span class='ocr_line' id='line_1_6' title="bbox 202 2122 1394 2210; baseline -0.004 -21"><span class='ocrx_word' id='word_1_31' title='bbox 202 2127 413 2210; x_wconf 90' lang='lat' dir='ltr'>ducibusque</span> <span class='ocrx_word' id='word_1_32' title='bbox 445 2128 654 2190; x_wconf 89' lang='lat' dir='ltr'>Woelfflinio</span> <span class='ocrx_word' id='word_1_33' title='bbox 684 2127 864 2189; x_wconf 90' lang='lat' dir='ltr'>Boissierio</span> <span class='ocrx_word' id='word_1_34' title='bbox 887 2125 961 2188; x_wconf 93' lang='lat' dir='ltr'>aliis</span> <span class='ocrx_word' id='word_1_35' title='bbox 985 2145 1027 2187; x_wconf 90' lang='lat' dir='ltr'>eo</span> <span class='ocrx_word' id='word_1_36' title='bbox 1051 2125 1322 2200; x_wconf 83' lang='lat' dir='ltr'>amandavimus,</span> <span class='ocrx_word' id='word_1_37' title='bbox 1346 2122 1394 2185; x_wconf 93' lang='lat' dir='ltr'>ubi</span> 
     </span>
    </p>
   </div>
   <div class='ocr_carea' id='block_1_4' title="bbox 198 2243 1407 4482">
    <p class='ocr_par' dir='ltr' id='par_1_4' title="bbox 198 2243 1407 4482">
     <span class='ocr_line' id='line_1_7' title="bbox 202 2243 1395 2327; baseline -0.002 -20"><span class='ocrx_word' id='word_1_38' title='bbox 202 2266 279 2308; x_wconf 90' lang='lat' dir='ltr'>curn</span> <span class='ocrx_word' id='word_1_39' title='bbox 304 2247 426 2309; x_wconf 89' lang='lat' dir='ltr'>ceteris</span> <span class='ocrx_word' id='word_1_40' title='bbox 448 2247 569 2309; x_wconf 91' lang='lat' dir='ltr'>scrutis</span> <span class='ocrx_word' id='word_1_41' title='bbox 592 2255 627 2309; x_wconf 96' lang='lat' dir='ltr'>et</span> <span class='ocrx_word' id='word_1_42' title='bbox 651 2248 774 2310; x_wconf 90' lang='lat' dir='ltr'>doctae</span> <span class='ocrx_word' id='word_1_43' title='bbox 794 2254 972 2309; x_wconf 90' lang='lat' dir='ltr'>servantur</span> <span class='ocrx_word' id='word_1_44' title='bbox 992 2245 1153 2327; x_wconf 88' lang='lat' dir='ltr'>ineptiae.</span> <span class='ocrx_word' id='word_1_45' title='bbox 1176 2243 1275 2325; x_wconf 84' lang='lat' dir='ltr'>Quae</span> <span class='ocrx_word' id='word_1_46' title='bbox 1294 2250 1395 2307; x_wconf 87' lang='lat' dir='ltr'>essent</span> 
     </span>
     <span class='ocr_line' id='line_1_8' title="bbox 202 2364 1396 2449; baseline -0.003 -21"><span class='ocrx_word' id='word_1_47' title='bbox 202 2367 274 2428; x_wconf 92' lang='lat' dir='ltr'>eius</span> <span class='ocrx_word' id='word_1_48' title='bbox 305 2367 415 2429; x_wconf 88' lang='lat' dir='ltr'>officia</span> <span class='ocrx_word' id='word_1_49' title='bbox 441 2368 498 2449; x_wconf 93' lang='lat' dir='ltr'>qui</span> <span class='ocrx_word' id='word_1_50' title='bbox 523 2388 575 2430; x_wconf 92' lang='lat' dir='ltr'>res</span> <span class='ocrx_word' id='word_1_51' title='bbox 599 2376 712 2449; x_wconf 84' lang='lat' dir='ltr'>gestas</span> <span class='ocrx_word' id='word_1_52' title='bbox 736 2375 886 2430; x_wconf 84' lang='lat' dir='ltr'>narraret</span> <span class='ocrx_word' id='word_1_53' title='bbox 910 2387 1011 2429; x_wconf 90' lang='lat' dir='ltr'>nemo</span> <span class='ocrx_word' id='word_1_54' title='bbox 1036 2364 1138 2448; x_wconf 90' lang='lat' dir='ltr'>paulo</span> <span class='ocrx_word' id='word_1_55' title='bbox 1162 2365 1289 2428; x_wconf 89' lang='lat' dir='ltr'>cultior</span> <span class='ocrx_word' id='word_1_56' title='bbox 1313 2366 1396 2447; x_wconf 83' lang='lat' dir='ltr'>igno·</span> 
     </span>
     <span class='ocr_line' id='line_1_9' title="bbox 204 2483 1396 2569; baseline -0.002 -23"><span class='ocrx_word' id='word_1_57' title='bbox 204 2487 290 2547; x_wconf 86' lang='lat' dir='ltr'>ravit</span> <span class='ocrx_word' id='word_1_58' title='bbox 315 2507 480 2568; x_wconf 88' lang='lat' dir='ltr'>unquam;</span> <span class='ocrx_word' id='word_1_59' title='bbox 507 2487 647 2550; x_wconf 87' lang='lat' dir='ltr'>Tacitus</span> <span class='ocrx_word' id='word_1_60' title='bbox 672 2507 753 2549; x_wconf 92' lang='lat' dir='ltr'>vero</span> <span class='ocrx_word' id='word_1_61' title='bbox 776 2506 878 2569; x_wconf 88' lang='lat' dir='ltr'>saepe</span> <span class='ocrx_word' id='word_1_62' title='bbox 903 2485 1011 2567; x_wconf 89' lang='lat' dir='ltr'>probe</span> <span class='ocrx_word' id='word_1_63' title='bbox 1035 2506 1071 2548; x_wconf 93' lang='lat' dir='ltr'>se</span> <span class='ocrx_word' id='word_1_64' title='bbox 1096 2493 1179 2549; x_wconf 88' lang='lat' dir='ltr'>nota</span> <span class='ocrx_word' id='word_1_65' title='bbox 1200 2483 1258 2548; x_wconf 91' lang='lat' dir='ltr'>illa</span> <span class='ocrx_word' id='word_1_66' title='bbox 1280 2485 1396 2547; x_wconf 89' lang='lat' dir='ltr'>habere</span> 
     </span>
     <span class='ocr_line' id='line_1_10' title="bbox 203 2607 1398 2688; baseline -0.001 -21"><span class='ocrx_word' id='word_1_67' title='bbox 203 2607 336 2669; x_wconf 86' lang='lat' dir='ltr'>disertis</span> <span class='ocrx_word' id='word_1_68' title='bbox 360 2607 546 2670; x_wconf 90' lang='lat' dir='ltr'>declaravit</span> <span class='ocrx_word' id='word_1_69' title='bbox 569 2608 692 2670; x_wconf 90' lang='lat' dir='ltr'>verbis.</span> <span class='ocrx_word' id='word_1_70' title='bbox 718 2608 904 2671; x_wconf 88' lang='lat' dir='ltr'>Historiam</span> <span class='ocrx_word' id='word_1_71' title='bbox 925 2608 983 2688; x_wconf 94' lang='lat' dir='ltr'>qui</span> <span class='ocrx_word' id='word_1_72' title='bbox 1005 2616 1118 2669; x_wconf 89' lang='lat' dir='ltr'>narret</span> <span class='ocrx_word' id='word_1_73' title='bbox 1138 2607 1168 2668; x_wconf 91' lang='lat' dir='ltr'>ei</span> <span class='ocrx_word' id='word_1_74' title='bbox 1191 2626 1313 2669; x_wconf 88' lang='lat' dir='ltr'>omnes</span> <span class='ocrx_word' id='word_1_75' title='bbox 1332 2623 1398 2668; x_wconf 90' lang='lat' dir='ltr'>esse</span> 
     </span>
     <span class='ocr_line' id='line_1_11' title="bbox 202 2723 1399 2809; baseline 0 -22"><span class='ocrx_word' id='word_1_76' title='bbox 202 2725 428 2788; x_wconf 91' lang='lat' dir='ltr'>consulendos</span> <span class='ocrx_word' id='word_1_77' title='bbox 452 2728 542 2789; x_wconf 92' lang='lat' dir='ltr'>unde</span> <span class='ocrx_word' id='word_1_78' title='bbox 562 2728 692 2789; x_wconf 88' lang='lat' dir='ltr'>discere</span> <span class='ocrx_word' id='word_1_79' title='bbox 712 2726 820 2809; x_wconf 93' lang='lat' dir='ltr'>possit</span> <span class='ocrx_word' id='word_1_80' title='bbox 841 2726 979 2807; x_wconf 92' lang='lat' dir='ltr'>aliquid,</span> <span class='ocrx_word' id='word_1_81' title='bbox 1000 2746 1069 2788; x_wconf 90' lang='lat' dir='ltr'>non</span> <span class='ocrx_word' id='word_1_82' title='bbox 1089 2723 1200 2787; x_wconf 93' lang='lat' dir='ltr'>solum</span> <span class='ocrx_word' id='word_1_83' title='bbox 1219 2726 1399 2808; x_wconf 90' lang='lat' dir='ltr'>scriptores</span> 
     </span>
     <span class='ocr_line' id='line_1_12' title="bbox 202 2844 1400 2927; baseline 0.001 -22"><span class='ocrx_word' id='word_1_84' title='bbox 202 2852 315 2906; x_wconf 90' lang='lat' dir='ltr'>aetate</span> <span class='ocrx_word' id='word_1_85' title='bbox 347 2846 491 2908; x_wconf 90' lang='lat' dir='ltr'>maiores</span> <span class='ocrx_word' id='word_1_86' title='bbox 514 2847 574 2908; x_wconf 93' lang='lat' dir='ltr'>sed</span> <span class='ocrx_word' id='word_1_87' title='bbox 600 2854 751 2921; x_wconf 89' lang='lat' dir='ltr'>cunctos,</span> <span class='ocrx_word' id='word_1_88' title='bbox 775 2846 832 2927; x_wconf 91' lang='lat' dir='ltr'>qui</span> <span class='ocrx_word' id='word_1_89' title='bbox 857 2844 905 2907; x_wconf 91' lang='lat' dir='ltr'>rei</span> <span class='ocrx_word' id='word_1_90' title='bbox 930 2845 1118 2907; x_wconf 89' lang='lat' dir='ltr'>narrandae</span> <span class='ocrx_word' id='word_1_91' title='bbox 1140 2845 1305 2927; x_wconf 86' lang='lat' dir='ltr'>aequales</span> <span class='ocrx_word' id='word_1_92' title='bbox 1327 2865 1400 2926; x_wconf 86' lang='lat' dir='ltr'>sup</span> 
     </span>
     <span class='ocr_line' id='line_1_13' title="bbox 203 2964 1401 3047; baseline 0.002 -22"><span class='ocrx_word' id='word_1_93' title='bbox 203 2984 343 3044; x_wconf 90' lang='lat' dir='ltr'>paresve</span> <span class='ocrx_word' id='word_1_94' title='bbox 379 2964 512 3040; x_wconf 86' lang='lat' dir='ltr'>fuerint,</span> <span class='ocrx_word' id='word_1_95' title='bbox 549 2965 602 3028; x_wconf 93' lang='lat' dir='ltr'>vel</span> <span class='ocrx_word' id='word_1_96' title='bbox 637 2986 808 3028; x_wconf 92' lang='lat' dir='ltr'>rumorem</span> <span class='ocrx_word' id='word_1_97' title='bbox 844 2965 992 3047; x_wconf 93' lang='lat' dir='ltr'>aliquem</span> <span class='ocrx_word' id='word_1_98' title='bbox 1023 2964 1091 3026; x_wconf 87' lang='lat' dir='ltr'>late</span> <span class='ocrx_word' id='word_1_99' title='bbox 1122 2983 1279 3046; x_wconf 90' lang='lat' dir='ltr'>sparsum</span> <span class='ocrx_word' id='word_1_100' title='bbox 1312 2964 1401 3027; x_wconf 86' lang='lat' dir='ltr'>fideli</span> 
     </span>
     <span class='ocr_line' id='line_1_14' title="bbox 202 3084 1403 3161; baseline 0.003 -17"><span class='ocrx_word' id='word_1_101' title='bbox 202 3085 373 3147; x_wconf 89' lang='lat' dir='ltr'>tenuerint</span> <span class='ocrx_word' id='word_1_102' title='bbox 405 3085 585 3161; x_wconf 86' lang='lat' dir='ltr'>memoria;</span> <span class='ocrx_word' id='word_1_103' title='bbox 617 3086 644 3148; x_wconf 94' lang='lat' dir='ltr'>si</span> <span class='ocrx_word' id='word_1_104' title='bbox 676 3085 722 3148; x_wconf 93' lang='lat' dir='ltr'>illi</span> <span class='ocrx_word' id='word_1_105' title='bbox 747 3085 836 3148; x_wconf 87' lang='lat' dir='ltr'>inter</span> <span class='ocrx_word' id='word_1_106' title='bbox 858 3105 895 3147; x_wconf 92' lang='lat' dir='ltr'>se</span> <span class='ocrx_word' id='word_1_107' title='bbox 920 3084 1122 3147; x_wconf 89' lang='lat' dir='ltr'>dissentiant</span> <span class='ocrx_word' id='word_1_108' title='bbox 1146 3094 1307 3147; x_wconf 90' lang='lat' dir='ltr'>accurate</span> <span class='ocrx_word' id='word_1_109' title='bbox 1332 3085 1403 3148; x_wconf 90' lang='lat' dir='ltr'>reli·</span> 
     </span>
     <span class='ocr_line' id='line_1_15' title="bbox 201 3202 1404 3286; baseline 0.003 -22"><span class='ocrx_word' id='word_1_110' title='bbox 201 3204 364 3286; x_wconf 86' lang='lat' dir='ltr'>gioseque</span> <span class='ocrx_word' id='word_1_111' title='bbox 399 3226 471 3267; x_wconf 91' lang='lat' dir='ltr'>esse</span> <span class='ocrx_word' id='word_1_112' title='bbox 507 3205 773 3268; x_wconf 86' lang='lat' dir='ltr'>examinandum</span> <span class='ocrx_word' id='word_1_113' title='bbox 808 3204 890 3286; x_wconf 90' lang='lat' dir='ltr'>quid</span> <span class='ocrx_word' id='word_1_114' title='bbox 923 3204 966 3266; x_wconf 92' lang='lat' dir='ltr'>sit</span> <span class='ocrx_word' id='word_1_115' title='bbox 997 3202 1179 3266; x_wconf 89' lang='lat' dir='ltr'>verisimile</span> <span class='ocrx_word' id='word_1_116' title='bbox 1189 3230 1197 3280; x_wconf 74' lang='lat' dir='ltr'>i</span> <span class='ocrx_word' id='word_1_117' title='bbox 1230 3224 1310 3268; x_wconf 86' lang='lat' dir='ltr'>curn</span> <span class='ocrx_word' id='word_1_118' title='bbox 1341 3206 1404 3268; x_wconf 93' lang='lat' dir='ltr'>sibi</span> 
     </span>
     <span class='ocr_line' id='line_1_16' title="bbox 200 3321 1404 3405; baseline 0.005 -23"><span class='ocrx_word' id='word_1_119' title='bbox 200 3321 349 3402; x_wconf 88' lang='lat' dir='ltr'>aliquam</span> <span class='ocrx_word' id='word_1_120' title='bbox 374 3324 420 3385; x_wconf 89' lang='lat' dir='ltr'>rei</span> <span class='ocrx_word' id='word_1_121' title='bbox 445 3325 641 3405; x_wconf 89' lang='lat' dir='ltr'>propositae</span> <span class='ocrx_word' id='word_1_122' title='bbox 661 3323 850 3386; x_wconf 80' lang='lat' dir='ltr'>informarit</span> <span class='ocrx_word' id='word_1_123' title='bbox 870 3323 1054 3405; x_wconf 86' lang='lat' dir='ltr'>imaginem</span> <span class='ocrx_word' id='word_1_124' title='bbox 1074 3323 1156 3386; x_wconf 91' lang='lat' dir='ltr'>satis</span> <span class='ocrx_word' id='word_1_125' title='bbox 1174 3323 1404 3405; x_wconf 87' lang='lat' dir='ltr'>probabilem,</span> 
     </span>
     <span class='ocr_line' id='line_1_17' title="bbox 200 3440 1404 3524; baseline 0.003 -22"><span class='ocrx_word' id='word_1_126' title='bbox 200 3460 240 3502; x_wconf 91' lang='lat' dir='ltr'>ea</span> <span class='ocrx_word' id='word_1_127' title='bbox 274 3440 366 3503; x_wconf 91' lang='lat' dir='ltr'>illam</span> <span class='ocrx_word' id='word_1_128' title='bbox 402 3462 474 3504; x_wconf 91' lang='lat' dir='ltr'>esse</span> <span class='ocrx_word' id='word_1_129' title='bbox 506 3444 739 3506; x_wconf 85' lang='lat' dir='ltr'>exornandam</span> <span class='ocrx_word' id='word_1_130' title='bbox 773 3443 927 3505; x_wconf 91' lang='lat' dir='ltr'>oratione</span> <span class='ocrx_word' id='word_1_131' title='bbox 958 3462 1047 3524; x_wconf 91' lang='lat' dir='ltr'>quae</span> <span class='ocrx_word' id='word_1_132' title='bbox 1079 3444 1201 3505; x_wconf 90' lang='lat' dir='ltr'>deceat</span> <span class='ocrx_word' id='word_1_133' title='bbox 1234 3445 1404 3520; x_wconf 88' lang='lat' dir='ltr'>maxime;</span> 
     </span>
     <span class='ocr_line' id='line_1_18' title="bbox 199 3561 1405 3643; baseline 0.004 -21"><span class='ocrx_word' id='word_1_134' title='bbox 199 3570 373 3641; x_wconf 88' lang='lat' dir='ltr'>postremo</span> <span class='ocrx_word' id='word_1_135' title='bbox 393 3561 426 3623; x_wconf 91' lang='lat' dir='ltr'>in</span> <span class='ocrx_word' id='word_1_136' title='bbox 447 3570 523 3623; x_wconf 92' lang='lat' dir='ltr'>toto</span> <span class='ocrx_word' id='word_1_137' title='bbox 544 3563 682 3643; x_wconf 83' lang='lat' dir='ltr'>negotio</span> <span class='ocrx_word' id='word_1_138' title='bbox 703 3563 786 3624; x_wconf 91' lang='lat' dir='ltr'>iram</span> <span class='ocrx_word' id='word_1_139' title='bbox 807 3570 841 3624; x_wconf 92' lang='lat' dir='ltr'>et</span> <span class='ocrx_word' id='word_1_140' title='bbox 859 3562 1010 3624; x_wconf 89' lang='lat' dir='ltr'>studium</span> <span class='ocrx_word' id='word_1_141' title='bbox 1024 3561 1142 3643; x_wconf 93' lang='lat' dir='ltr'>procul</span> <span class='ocrx_word' id='word_1_142' title='bbox 1155 3582 1228 3624; x_wconf 91' lang='lat' dir='ltr'>esse</span> <span class='ocrx_word' id='word_1_143' title='bbox 1242 3562 1405 3627; x_wconf 92' lang='lat' dir='ltr'>habenda</span> 
     </span>
     <span class='ocr_line' id='line_1_19' title="bbox 199 3680 1405 3763; baseline 0.004 -23"><span class='ocrx_word' id='word_1_144' title='bbox 199 3700 395 3760; x_wconf 88' lang='lat' dir='ltr'>persuasum</span> <span class='ocrx_word' id='word_1_145' title='bbox 417 3680 479 3743; x_wconf 88' lang='lat' dir='ltr'>fuit</span> <span class='ocrx_word' id='word_1_146' title='bbox 498 3681 630 3755; x_wconf 88' lang='lat' dir='ltr'>Tacito,</span> <span class='ocrx_word' id='word_1_147' title='bbox 652 3690 686 3743; x_wconf 87' lang='lat' dir='ltr'>et</span> <span class='ocrx_word' id='word_1_148' title='bbox 707 3681 759 3744; x_wconf 91' lang='lat' dir='ltr'>cui</span> <span class='ocrx_word' id='word_1_149' title='bbox 781 3701 849 3743; x_wconf 90' lang='lat' dir='ltr'>non</span> <span class='ocrx_word' id='word_1_150' title='bbox 871 3681 933 3743; x_wconf 87' lang='lat' dir='ltr'>fuit</span> <span class='ocrx_word' id='word_1_151' title='bbox 954 3701 1162 3763; x_wconf 87' lang='lat' dir='ltr'>persuasum,</span> <span class='ocrx_word' id='word_1_152' title='bbox 1183 3682 1240 3762; x_wconf 92' lang='lat' dir='ltr'>qui</span> <span class='ocrx_word' id='word_1_153' title='bbox 1260 3683 1405 3763; x_wconf 89' lang='lat' dir='ltr'>quidem</span> 
     </span>
     <span class='ocr_line' id='line_1_20' title="bbox 198 3798 1407 3883; baseline 0.002 -24"><span class='ocrx_word' id='word_1_154' title='bbox 198 3798 232 3859; x_wconf 91' lang='lat' dir='ltr'>in</span> <span class='ocrx_word' id='word_1_155' title='bbox 264 3799 362 3860; x_wconf 90' lang='lat' dir='ltr'>bonis</span> <span class='ocrx_word' id='word_1_156' title='bbox 394 3799 522 3861; x_wconf 91' lang='lat' dir='ltr'>artibus</span> <span class='ocrx_word' id='word_1_157' title='bbox 554 3808 588 3862; x_wconf 90' lang='lat' dir='ltr'>et</span> <span class='ocrx_word' id='word_1_158' title='bbox 620 3799 653 3862; x_wconf 92' lang='lat' dir='ltr'>in</span> <span class='ocrx_word' id='word_1_159' title='bbox 686 3821 721 3862; x_wconf 91' lang='lat' dir='ltr'>re</span> <span class='ocrx_word' id='word_1_160' title='bbox 749 3799 898 3863; x_wconf 91' lang='lat' dir='ltr'>literaria</span> <span class='ocrx_word' id='word_1_161' title='bbox 922 3820 991 3863; x_wconf 90' lang='lat' dir='ltr'>non</span> <span class='ocrx_word' id='word_1_162' title='bbox 1016 3800 1118 3882; x_wconf 89' lang='lat' dir='ltr'>plane</span> <span class='ocrx_word' id='word_1_163' title='bbox 1142 3808 1232 3862; x_wconf 91' lang='lat' dir='ltr'>esset</span> <span class='ocrx_word' id='word_1_164' title='bbox 1255 3799 1407 3883; x_wconf 80' lang='lat' dir='ltr'>hospes?</span> 
     </span>
     <span class='ocr_line' id='line_1_21' title="bbox 200 3916 1407 4002; baseline 0.004 -24"><span class='ocrx_word' id='word_1_165' title='bbox 200 3916 317 3998; x_wconf 90' lang='lat' dir='ltr'>Atque</span> <span class='ocrx_word' id='word_1_166' title='bbox 350 3917 433 3980; x_wconf 89' lang='lat' dir='ltr'>haec</span> <span class='ocrx_word' id='word_1_167' title='bbox 464 3920 579 3982; x_wconf 90' lang='lat' dir='ltr'>omnia</span> <span class='ocrx_word' id='word_1_168' title='bbox 611 3921 643 3983; x_wconf 89' lang='lat' dir='ltr'>in</span> <span class='ocrx_word' id='word_1_169' title='bbox 677 3920 750 4002; x_wconf 93' lang='lat' dir='ltr'>ipso</span> <span class='ocrx_word' id='word_1_170' title='bbox 783 3939 887 4002; x_wconf 85' lang='lat' dir='ltr'>opere</span> <span class='ocrx_word' id='word_1_171' title='bbox 920 3919 1067 3982; x_wconf 85' lang='lat' dir='ltr'>fideliter</span> <span class='ocrx_word' id='word_1_172' title='bbox 1099 3919 1282 3982; x_wconf 89' lang='lat' dir='ltr'>observare</span> <span class='ocrx_word' id='word_1_173' title='bbox 1312 3919 1407 3983; x_wconf 90' lang='lat' dir='ltr'>nulla</span> 
     </span>
     <span class='ocr_line' id='line_1_22' title="bbox 199 4038 1405 4120; baseline 0.002 -21"><span class='ocrx_word' id='word_1_174' title='bbox 199 4058 405 4120; x_wconf 89' lang='lat' dir='ltr'>quemquam</span> <span class='ocrx_word' id='word_1_175' title='bbox 425 4059 575 4119; x_wconf 90' lang='lat' dir='ltr'>unquam</span> <span class='ocrx_word' id='word_1_176' title='bbox 596 4040 704 4101; x_wconf 90' lang='lat' dir='ltr'>vetuit</span> <span class='ocrx_word' id='word_1_177' title='bbox 725 4039 791 4113; x_wconf 89' lang='lat' dir='ltr'>lex,</span> <span class='ocrx_word' id='word_1_178' title='bbox 812 4059 900 4119; x_wconf 91' lang='lat' dir='ltr'>quae</span> <span class='ocrx_word' id='word_1_179' title='bbox 921 4038 1061 4119; x_wconf 90' lang='lat' dir='ltr'>quidem</span> <span class='ocrx_word' id='word_1_180' title='bbox 1082 4038 1294 4100; x_wconf 90' lang='lat' dir='ltr'>extrinsecus</span> <span class='ocrx_word' id='word_1_181' title='bbox 1313 4047 1405 4102; x_wconf 91' lang='lat' dir='ltr'>esset</span> 
     </span>
     <span class='ocr_line' id='line_1_23' title="bbox 199 4156 1406 4232; baseline 0.002 -13"><span class='ocrx_word' id='word_1_182' title='bbox 199 4157 309 4232; x_wconf 90' lang='lat' dir='ltr'>allata,</span> <span class='ocrx_word' id='word_1_183' title='bbox 334 4158 393 4219; x_wconf 94' lang='lat' dir='ltr'>sed</span> <span class='ocrx_word' id='word_1_184' title='bbox 419 4165 453 4219; x_wconf 92' lang='lat' dir='ltr'>et</span> <span class='ocrx_word' id='word_1_185' title='bbox 478 4156 634 4221; x_wconf 85' lang='lat' dir='ltr'>Tacitum</span> <span class='ocrx_word' id='word_1_186' title='bbox 660 4167 694 4220; x_wconf 89' lang='lat' dir='ltr'>et</span> <span class='ocrx_word' id='word_1_187' title='bbox 718 4166 851 4220; x_wconf 90' lang='lat' dir='ltr'>ceteros</span> <span class='ocrx_word' id='word_1_188' title='bbox 874 4177 994 4219; x_wconf 91' lang='lat' dir='ltr'>omnes</span> <span class='ocrx_word' id='word_1_189' title='bbox 1018 4157 1189 4219; x_wconf 89' lang='lat' dir='ltr'>interdum</span> <span class='ocrx_word' id='word_1_190' title='bbox 1209 4160 1406 4222; x_wconf 88' lang='lat' dir='ltr'>communis</span> 
     </span>
     <span class='ocr_line' id='line_1_24' title="bbox 199 4277 1405 4358; baseline 0.002 -18"><span class='ocrx_word' id='word_1_191' title='bbox 199 4277 255 4340; x_wconf 91' lang='lat' dir='ltr'>illa</span> <span class='ocrx_word' id='word_1_192' title='bbox 286 4279 394 4340; x_wconf 87' lang='lat' dir='ltr'>vetuit</span> <span class='ocrx_word' id='word_1_193' title='bbox 425 4278 481 4341; x_wconf 90' lang='lat' dir='ltr'>lex</span> <span class='ocrx_word' id='word_1_194' title='bbox 506 4280 711 4341; x_wconf 83' lang='lat' dir='ltr'>infirmitatis</span> <span class='ocrx_word' id='word_1_195' title='bbox 736 4279 913 4341; x_wconf 91' lang='lat' dir='ltr'>humanae.</span> <span class='ocrx_word' id='word_1_196' title='bbox 941 4278 1111 4358; x_wconf 90' lang='lat' dir='ltr'>Equidem</span> <span class='ocrx_word' id='word_1_197' title='bbox 1136 4278 1278 4340; x_wconf 87' lang='lat' dir='ltr'>maximi</span> <span class='ocrx_word' id='word_1_198' title='bbox 1304 4278 1405 4342; x_wconf 87' lang='lat' dir='ltr'>Taci-</span> 
     </span>
     <span class='ocr_line' id='line_1_25' title="bbox 199 4397 1401 4482; baseline 0.002 -22"><span class='ocrx_word' id='word_1_199' title='bbox 199 4408 271 4460; x_wconf 90' lang='lat' dir='ltr'>tum</span> <span class='ocrx_word' id='word_1_200' title='bbox 304 4398 400 4472; x_wconf 88' lang='lat' dir='ltr'>facio,</span> <span class='ocrx_word' id='word_1_201' title='bbox 432 4420 632 4482; x_wconf 89' lang='lat' dir='ltr'>summaque</span> <span class='ocrx_word' id='word_1_202' title='bbox 663 4421 740 4462; x_wconf 93' lang='lat' dir='ltr'>cum</span> <span class='ocrx_word' id='word_1_203' title='bbox 765 4397 994 4461; x_wconf 88' lang='lat' dir='ltr'>delectatione</span> <span class='ocrx_word' id='word_1_204' title='bbox 1018 4397 1084 4479; x_wconf 83' lang='lat' dir='ltr'>legi</span> <span class='ocrx_word' id='word_1_205' title='bbox 1109 4418 1197 4479; x_wconf 91' lang='lat' dir='ltr'>quae</span> <span class='ocrx_word' id='word_1_206' title='bbox 1222 4419 1334 4482; x_wconf 90' lang='lat' dir='ltr'>nuper</span> <span class='ocrx_word' id='word_1_207' title='bbox 1358 4401 1401 4462; x_wconf 91' lang='lat' dir='ltr'>ad</span> 
     </span>
    </p>
   </div>
   <div class='ocr_carea' id='block_1_5' title="bbox 0 0 1610 5274">
    <p class='ocr_par' dir='ltr' id='par_1_5' title="bbox 0 0 1610 5274">
     <span class='ocr_line' id='line_1_26' title="bbox 0 0 1610 5274; baseline 0 0"><span class='ocrx_word' id='word_1_208' title='bbox 0 0 1610 5274; x_wconf 95' lang='lat' dir='ltr'> </span> 
     </span>
    </p>
   </div>
  </div>
 </body>
</html>
