3210 5274
782 411 823 477 50

200 576 253 637 hic
278 575 372 636 locus
395 575 531 637 tractari
557 581 683 656 potest,
707 575 766 655 qui
791 573 914 657 legitur
935 572 979 634 H.
1001 572 1045 646 11,
1067 571 1121 653 76,
1144 591 1227 633 nam
1249 570 1305 633 ille
1323 590 1396 651 quo·

201 716 267 776 que
300 695 383 756 vitio
412 694 556 768 laborat,
581 695 642 758 sed
668 694 753 756 vitio
776 694 869 775 quod
894 692 1067 773 loquentis
1091 698 1249 752 mentem
1274 689 1397 770 egregie

202 812 335 876 referat.
361 812 409 876 Ut
433 814 573 875 tandem
598 812 783 894 aliquando
806 812 987 894 imperium
1012 810 1075 871 sibi
1098 808 1178 871 latis
1201 810 1400 872 destinatum

201 933 348 1014 accipiat
370 932 619 1013 Vespasianum
640 942 758 995 monet
780 931 966 995 Mucianus.
992 929 1103 1009 ,Satis
1124 929 1208 991 diu''
1231 930 1280 992 ait
1302 929 1401 1009 „quie-

202 1053 278 1114 visti
303 1061 337 1113 et
362 1053 579 1133 exspectasti,
604 1072 694 1115 nunc
717 1053 881 1115 audacter
903 1051 1076 1131 agendum
1102 1048 1190 1111 est’'.
1219 1048 1316 1111 Haec
1340 1049 1400 1129 ipsa

202 1179 280 1232 sunt
304 1172 418 1244 verba,
444 1170 566 1251 quibus
590 1191 668 1233 eum
694 1179 848 1233 utentem
872 1169 953 1232 facit
977 1168 1137 1231 Tacitus:

251 1290 421 1373 „Torpere
447 1289 533 1353 ultra
558 1300 592 1352 et
613 1289 834 1372 polluendam
856 1288 1139 1370 perdendamque
1161 1286 1398 1369 rempublicam

204 1408 403 1489 relinquere,
439 1428 542 1490 sopor
578 1417 613 1470 et
649 1408 784 1488 ignavia
816 1408 998 1480 videretur,
1032 1406 1168 1468 etiamsi
1202 1407 1279 1481 tibi,
1311 1423 1396 1486 quan

204 1528 395 1603 inhonesta,
420 1536 490 1590 tam
514 1536 589 1590 tuta
612 1528 758 1590 servitus
781 1534 880 1589 esset.
905 1525 1004 1588 Abiit
1028 1526 1096 1588 iam
1119 1535 1155 1588 et
1175 1533 1395 1589 transvectuu

205 1657 256 1709 est
285 1657 430 1728 tempus,
456 1667 524 1729 quo
550 1666 666 1728 posses
691 1647 798 1710 videri
822 1646 1041 1728 concupisse:
1066 1644 1339 1727 confugiendum
1362 1663 1393 1706 es

209 1766 250 1827 ad
277 1765 490 1847 imperium'’.

260 1885 324 1946 Hic
360 1886 506 1966 primum
542 1886 769 1967 reputandum
805 1893 856 1946 est
892 1884 1039 1946 eundem
1077 1882 1280 1946 Mucianum
1315 1881 1389 1965 paul

213 2012 292 2065 ante
318 2005 457 2066 dixisse:
486 2026 524 2082 „a
544 2003 750 2066 contumelia
771 2023 873 2085 quam
893 2024 913 2065 a
932 2002 1033 2067 laude
1054 2004 1196 2084 propius
1217 2002 1320 2065 suerit
1339 2020 1388 2084 po‘

214 2121 390 2183 Vitellium
426 2122 538 2203 eligi'',
574 2123 698 2185 deinde
734 2123 956 2204 cogitandum
991 2123 1035 2185 de
1070 2122 1250 2203 praeclara
1287 2123 1386 2185 Lucar

210 2242 396 2303 sententia:
423 2242 483 2320 „ad
505 2240 631 2304 bellum
653 2240 810 2323 fugitur”.
832 2239 922 2321 Quid
946 2260 1027 2323 ergo
1049 2239 1212 2303 Muciano
1231 2241 1385 2303 dicendur

214 2370 275 2435 est,
308 2362 334 2422 si
363 2369 519 2423 accurate
544 2360 636 2442 loqui
663 2359 755 2423 vult?
781 2361 933 2442 Nempe:
962 2379 1050 2439 „non
1074 2359 1141 2421 iarn
1165 2368 1265 2441 grata
1290 2378 1383 2422 rese

214 2480 403 2560 imperium,
429 2499 531 2560 quam
556 2482 631 2561 quis
655 2480 717 2542 sibi
742 2487 900 2561 expetat;
926 2480 986 2542 sed
1009 2486 1125 2542 actum
1150 2478 1195 2541 de
1219 2489 1256 2542 te
1280 2488 1332 2541 est
1350 2476 1380 2540 ni

214 2599 257 2659 ab
282 2599 425 2680 imperio
448 2598 592 2660 salutem
616 2597 725 2680 petis''
750 2599 770 2660 i.
795 2619 825 2661 e.
850 2599 942 2661 hisce
965 2599 996 2660 ei
1020 2606 1073 2661 est
1098 2599 1268 2662 utendum
1288 2597 1380 2661 verbi

218 2719 320 2797 ,abiit
353 2719 418 2779 iam
452 2727 487 2779 et
515 2726 745 2779 transvectum
769 2726 821 2781 est
844 2727 990 2800 tempus,
1016 2737 1085 2799 quo
1111 2737 1231 2800 posses
1254 2717 1378 2800 concupi

216 2857 297 2908 ccre,
325 2836 590 2918 confugiendum
614 2846 665 2899 est
688 2839 732 2900 ad
757 2835 971 2919 imperium’'.
995 2836 1064 2901 Sed
1088 2836 1241 2901 affectati
1267 2855 1375 2919 unqua

216 2956 348 3035 imperii
375 2955 622 3036 Vespasianum
647 2956 840 3018 insimulare
863 2957 964 3019 anxie
988 2964 1100 3032 cavet;
1128 2959 1225 3038 atqui
1250 2960 1285 3021 in
1306 2957 1375 3020 veri

209 3087 322 3156 posses
351 3077 572 3158 concupiscere
600 3077 688 3138 inest
711 3076 967 3157 quodammodo
992 3077 1159 3138 eiusmodi
1184 3076 1374 3160 reprehensi

214 3202 305 3255 certe
339 3194 447 3255 inesse
473 3215 548 3256 eam
572 3197 731 3277 suspicax
754 3195 858 3257 homo
883 3196 1022 3257 credere
1047 3195 1165 3277 possit.
1192 3196 1270 3260 Hoc
1296 3205 1373 3259 metr

216 3312 401 3388 Mucianus,
435 3313 513 3375 hinc
545 3315 765 3396 praeteritum
798 3313 879 3377 illud
904 3316 1097 3398 concupisse,
1122 3315 1213 3392 hinc,
1239 3319 1373 3399 quoda

215 3432 316 3506 ditur,
341 3432 460 3494 videri.

260 3551 430 3613 Pollianae
462 3561 644 3633 cognatam
670 3553 944 3617 observationem
969 3553 1111 3637 protulit
1134 3554 1325 3618 Plitznerus
1347 3553 1374 3617 ill

213 3670 270 3750 qui
292 3672 359 3731 iam
382 3669 457 3751 plus
477 3672 596 3733 decem
617 3670 721 3734 lustra
736 3672 949 3735 utilissimam
962 3673 1083 3735 Tacito
1098 3680 1202 3735 navat
1215 3693 1367 3756 operam.

215 3792 305 3853 enirn
327 3812 433 3872 nuper
453 3792 560 3854 diario
574 3812 602 3853 c.
618 3800 640 3854 t.
655 3792 848 3855 Zeitschrist
861 3793 882 3855 s.
896 3794 929 3855 d.
944 3793 1038 3856 Oest.
1053 3792 1179 3874 Gymn.
1194 3793 1253 3875 (Α.
1268 3808 1374 3859 Μοω

214 3911 292 3971 inde
314 3931 333 3971 a
355 3931 387 3991 p.
401 3912 442 3991 67
449 3912 477 3990 3)
499 3912 730 3973 doctissimam
752 3912 967 3974 inserendam
988 3912 1119 3974 curavit
1134 3912 1374 3994 disputatione}

214 4050 280 4110 qua
304 4039 339 4091 et
363 4029 428 4090 alia
452 4030 574 4091 docere
600 4033 715 4093 studet
739 4041 773 4093 et
797 4031 954 4094 Tacitum
980 4032 1152 4094 interdum
1174 4032 1229 4095 vel
1250 4054 1375 4097 sermor

215 4149 314 4222 vitiis,
348 4148 400 4209 vel
434 4149 517 4208 mira
549 4158 583 4210 et
615 4151 749 4212 insolita
780 4152 944 4223 oratione,
968 4149 1021 4212 vel
1047 4151 1151 4213 etiam
1176 4153 1374 4216 erroribusa

215 4269 388 4330 historiam
426 4268 673 4348 pertinentibus
709 4270 841 4332 illorum
874 4269 1036 4350 loquendi
1068 4289 1175 4350 genus
1209 4280 1329 4336 notare
1362 4293 1374 4333 r

215 4387 440 4466 perstringere
473 4405 559 4464 quos
590 4387 622 4447 in
655 4408 792 4451 scenam
820 4391 960 4451 inducit.
987 4387 1128 4450 Minime
1153 4393 1351 4472 spernenda
