3210 5274
667 389 733 436 220

148 553 272 615 Verbis
293 555 369 616 usui
379 556 561 636 -parari
579 556 622 616 de
636 567 861 637 patronorum
882 555 937 636 agi
949 555 1148 616 commodis
1162 554 1303 638 Nipper-

103 673 180 734 deio
202 672 359 735 lubenter
378 674 561 735 assentior:
582 674 630 736 sic
650 674 741 736 enim
762 675 901 736 demum
919 674 1152 737 nanciscimur
1170 675 1306 756 aliquid,

103 793 197 874 quod
222 803 313 855 recte
338 802 533 875 opponatur
557 795 694 876 ineptae
719 792 933 874 arrogantiae
958 813 1091 867 eorum,
1112 795 1141 855 si
1165 795 1225 876 qui
1246 794 1311 856 elo

107 913 247 994 quentia
278 933 337 974 sua
370 912 578 988 immortales
608 933 645 975 se
669 913 740 975 sore
765 914 919 986 credunt,
945 913 989 974 de
1015 933 1086 994 qua
1112 914 1147 975 in
1175 935 1311 995 praece·

105 1032 265 1093 dentibus
289 1052 400 1094 sermo
424 1040 485 1093 est.
523 1031 573 1094 At
598 1033 687 1094 istud
712 1053 750 1095 ne
773 1033 960 1113 quis—sit
983 1052 1211 1115 nequaquam
1236 1055 1313 1097 cum

105 1152 168 1214 illis
193 1134 364 1226 cohaeret,
389 1153 482 1234 quod
504 1151 593 1214 ultro
613 1152 742 1214 indicat
764 1151 1003 1234 Nipperdeius,
1026 1153 1061 1214 in
1084 1155 1315 1216 annotatione

104 1293 165 1334 sua
196 1273 243 1333 sic
275 1271 443 1334 scribens:
480 1272 568 1351 ,und
593 1271 666 1333 dies
690 1278 801 1333 musse
825 1269 1018 1352 geschehen
1044 1272 1159 1334 damit
1186 1272 1315 1348 nicht”,

108 1393 165 1454 ubi
190 1402 300 1454 totum
326 1391 407 1454 illud
432 1392 503 1454 und
518 1392 588 1455 dies
608 1398 715 1454 unisse
729 1386 909 1474 gesclrelen
929 1391 974 1453 ab
994 1391 1072 1473 ipso
1094 1391 1316 1474 Nipperdeio

108 1513 151 1574 de
172 1511 278 1574 nihilo
298 1521 350 1573 est
372 1511 567 1574 confictum.
600 1510 726 1573 Totum
748 1510 933 1593 negotium,
954 1511 998 1572 de
1019 1530 1090 1591 quo
1111 1511 1171 1573 hic
1192 1513 1316 1594 agitur,

111 1632 318 1713 disputando
338 1651 590 1714 persequamur.
617 1631 687 1694 Fac
702 1631 827 1694 nullam
841 1631 907 1693 iam
921 1629 1118 1693 mercedem
1131 1651 1318 1694 causarum

111 1751 263 1832 patronis
282 1751 364 1812 dari.
391 1748 482 1831 Quid
501 1749 674 1832 sequitur?
700 1751 835 1833 Nempe
853 1758 889 1812 ut
908 1749 1105 1813 hominibus
1119 1751 1319 1814 insontibus

111 1871 338 1952 inopibusque
363 1869 473 1933 nullae
499 1869 643 1953 posthac
666 1889 686 1931 a
710 1889 887 1932 causamm
908 1869 1061 1951 patronis
1081 1867 1320 1932 exhibeantur

112 1990 297 2064 molestiae,
330 1990 499 2071 siquidem
531 1989 637 2071 iniqui
670 1989 724 2050 isti
757 1989 922 2071 pravique
953 1989 1089 2069 patroni
1123 2008 1202 2051 esse
1236 2009 1319 2052 mox

112 2110 280 2183 desinent,
312 2129 422 2191 neque
450 2117 566 2170 tamen
591 2128 740 2190 unquam
765 2109 910 2170 deerunt
934 2107 1033 2190 probi
1058 2107 1232 2184 homineS,
1259 2111 1318 2191 qui

112 2229 239 2290 iniuriis
263 2228 399 2290 obstare
423 2237 458 2291 et
483 2229 589 2290 velint
613 2238 648 2291 et
673 2228 813 2311 possint.
847 2227 972 2290 Nonne
996 2228 1088 2289 enim
1114 2228 1211 2291 cives
1237 2230 1317 2292 ideo

113 2347 253 2410 obnoxii
273 2348 572 2411 calumniatoribus
593 2348 688 2423 frunt,
703 2349 795 2429 quod
809 2347 1005 2430 eloquentia
1018 2345 1164 2409 sorensis
1177 2356 1317 2410 tantum

112 2466 195 2529 lucri
220 2465 338 2530 affert?
374 2468 423 2530 At
448 2469 480 2530 in
505 2476 603 2530 textu
627 2468 769 2550 legimus
793 2467 933 2549 aliquid,
956 2467 1050 2548 quod
1074 2487 1145 2548 quo
1172 2487 1319 2530 conver·

112 2595 224 2649 tamus
238 2587 337 2668 plane
351 2589 536 2651 nescimus:
561 2608 623 2667 „ne
636 2587 711 2669 quis
723 2587 839 2669 inopia
851 2588 1097 2649 advocatorum
1112 2586 1321 2668 potentibus

114 2706 283 2769 obnoxius
307 2705 382 2768 sit.”
407 2706 561 2770 Potentes
585 2707 631 2770 illi
656 2708 724 2789 qui,
750 2726 888 2789 quaeso,
912 2704 1011 2768 sunt?
1037 2705 1179 2768 Praeter
1204 2707 1320 2789 ipsum

114 2828 353 2909 imperatorem
380 2829 437 2889 vix
462 2828 517 2890 ulli
543 2828 599 2890 alii
623 2828 779 2890 homines
802 2835 894 2890 recte
919 2826 976 2888 illo
998 2825 1238 2907 significantur
1259 2847 1321 2888 vo·

108 2947 247 3033 pabulo.
286 2948 373 3010 Nam
406 2949 568 3010 adversus
599 2946 684 3009 alios
708 2958 856 3030 potentes
879 2967 948 3009 non
972 2965 1150 3008 causarum
1178 2948 1320 3027 patroni

114 3075 192 3128 sunt
214 3066 410 3140 adhibendi,
431 3067 490 3128 sed
512 3067 615 3150 ipsius
631 3075 682 3129 est
695 3066 947 3148 implorandum
961 3064 1124 3148 principis
1137 3065 1320 3127 auxilium.

116 3188 188 3249 Iam
221 3188 311 3261 satis,
345 3195 381 3249 ut
405 3188 537 3270 opinor,
561 3195 705 3269 apparet
729 3205 832 3268 quam
855 3186 971 3267 inepte
996 3184 1216 3265 disputantes
1240 3183 1320 3247 loco

118 3317 243 3382 nostro,
262 3309 348 3369 sicut
368 3328 456 3370 nunc
476 3309 508 3369 in
528 3316 624 3369 textu
638 3306 771 3387 legitur,
785 3305 897 3368 callidi
911 3305 965 3367 isti
978 3303 1151 3385 fingantur
1163 3303 1320 3366 rabulae.

119 3428 196 3490 Non
219 3448 299 3508 ergo
319 3428 390 3489 sine
412 3447 512 3489 causa
532 3435 643 3488 totum
666 3425 747 3488 illud
773 3445 834 3505 ,ne
848 3425 923 3507 quis
936 3423 1052 3505 inopia
1063 3423 1319 3486 advocatorum

118 3548 315 3630 potentibus
347 3547 516 3609 obnoxius
545 3544 611 3607 sit'’
643 3545 901 3608 annotationem
931 3562 1004 3605 esse
1027 3541 1123 3604 scioli
1147 3543 1320 3624 suspicor,

119 3669 175 3748 qui
209 3666 312 3728 verba
345 3667 420 3728 usui
449 3678 480 3729 et
511 3666 608 3728 rebus
639 3665 682 3726 ad
714 3664 889 3725 universos
921 3681 994 3724 esse
1019 3659 1200 3723 reserenda
1226 3663 1322 3725 cives

119 3796 263 3869 putaret.
313 3784 402 3867 Quid
446 3786 537 3867 quod
580 3784 643 3846 illis
679 3783 796 3846 eiectis
832 3784 970 3845 demum
1006 3789 1099 3843 recte
1135 3783 1322 3863 sequentia

118 3916 362 3971 annectuntur:
388 3927 517 3986 „neque
539 3914 654 3967 tamen
675 3904 906 3986 eloquentiam
927 3903 1077 3985 gratuito
1098 3901 1322 3984 contingere:

120 4030 229 4093 omitti
256 4049 351 4091 curas
376 4027 565 4099 familiares,
591 4034 628 4087 ut
653 4025 728 4105 quis
751 4044 787 4086 se
811 4022 931 4086 alienis
954 4021 1100 4104 negotiis
1124 4020 1323 4096 intendat”,

119 4153 139 4213 i.
154 4173 181 4212 e.
206 4149 277 4227 ,vel
296 4151 342 4210 sic
359 4168 425 4210 non
440 4149 490 4228 (=
504 4166 613 4228 neque
628 4144 756 4225 tamen)
770 4163 869 4227 posse
882 4160 1089 4224 quemquam
1102 4140 1177 4203 sine
1191 4161 1323 4223 magno

121 4275 246 4333 damno
260 4270 421 4350 gravique
436 4268 563 4329 iactura
576 4265 795 4345 eloquentem
805 4261 888 4336 fieri,
897 4280 979 4342 ergo
992 4280 1034 4322 ne
1037 4271 1167 4343 purum
1176 4261 1323 4340 quidem

121 4406 154 4457 et
179 4395 346 4474 integrum
371 4409 443 4450 esse
468 4387 608 4459 lucrum,
634 4385 727 4466 quod
752 4384 849 4446 labor
872 4381 959 4485 ferat
983 4379 1160 4445 sorensis.”
