3210 5274
776 343 817 404 28

200 519 363 602 paulatim
387 520 491 582 etiam
515 519 693 583 servilibus
718 520 921 594 ministeriis,
940 537 974 596 p.
992 517 1013 600 ¹)
1031 519 1265 601 intempestiva
1286 538 1396 583 uouer-

199 661 254 703 cae
277 639 383 720 officia
408 640 442 703 iu
466 639 615 703 ludibria
638 639 794 714 vertebat,
819 638 1009 722 intellegens
1024 638 1128 721 falsi.

244 757 310 840 Qui
335 759 389 822 hic
414 758 523 822 codici
548 759 828 841 obtemperantes
844 770 911 841 per
935 759 1052 832 edunt,
1075 758 1227 822 uertebat
1245 759 1399 822 intransi-

200 877 270 940 tive
290 878 441 960 positum
461 885 594 959 putant,
616 887 653 941 ut
672 878 788 941 omnia
807 878 854 940 sic
875 877 944 940 sint
962 876 1145 939 vertenda:
1166 876 1401 955 „Britannicus

202 997 320 1059 officiis
351 996 415 1059 illis
447 1016 625 1072 novercae,
656 1017 745 1078 quae
777 997 881 1079 ipsius
905 995 1052 1078 tempori
1075 1004 1180 1076 atque
1206 997 1297 1060 tristi
1322 997 1400 1060 sorti

201 1124 272 1178 tarn
303 1123 399 1178 erant
431 1116 608 1190 contraria,
640 1115 825 1178 ludibrium
857 1114 995 1178 fiebat'’.
1027 1112 1235 1188 Falsissime‚
1267 1116 1399 1196 siquid

201 1235 312 1297 video.
345 1233 480 1298 Vertere
501 1235 547 1309 in,
571 1235 784 1297 intransitive
807 1235 967 1317 positum,
991 1242 1060 1297 est:
1084 1234 1138 1314 ,in
1158 1233 1398 1298 condicionem

201 1354 316 1416 venire
340 1353 545 1416 contrariam
569 1352 616 1416 illi
640 1353 674 1416 in
699 1373 767 1435 qua
791 1352 901 1417 fueras
923 1351 1058 1416 antea”.
1082 1352 1192 1435 Atqui
1218 1353 1323 1416 miser
1346 1353 1398 1416 ille

203 1473 416 1535 Britannicus
439 1481 518 1555 post
539 1471 664 1535 alteras
688 1473 794 1554 patris
814 1474 950 1555 nuptias
971 1472 1110 1535 minime
1130 1471 1242 1535 suerat
1262 1472 1400 1536 ludibrii

201 1592 418 1654 contrarium.
444 1589 512 1654 Sed
537 1611 579 1653 ne
605 1610 693 1652 nunc
714 1591 853 1672 quidem
874 1590 975 1673 plane
995 1589 1104 1653 factus
1122 1598 1196 1653 erat
1216 1588 1399 1654 ludibrium

205 1709 427 1784 Britannicus,
467 1708 758 1790 quemadmodum
793 1717 936 1791 apparet
972 1729 991 1771 e
1026 1708 1201 1771 vocabulis
1238 1710 1400 1772 continuo

204 1827 424 1909 sequentibus
448 1826 636 1909 intellegens
652 1826 755 1909 falsi.
777 1826 921 1890 Gravius
939 1827 1005 1889 hoc
1024 1826 1129 1909 quod,
1150 1835 1188 1889 ut
1207 1834 1326 1890 tamen
1347 1827 1399 1889 illa

203 1947 374 2008 sententia
396 1966 440 2008 ex
464 1945 528 2008 hoc
553 1945 629 2008 loco
652 1944 785 2007 extrahi
806 1945 923 2027 possit,
943 1944 1101 2019 ludibria,
1121 1945 1215 2025 quod
1236 1947 1399 2010 traditum

204 2071 264 2138 est,
297 2065 331 2126 in
362 2063 544 2127 ludibrium
576 2073 627 2127 est
659 2064 871 2139 mutandum,
903 2084 990 2146 quae
1023 2071 1116 2126 certe
1143 2073 1196 2126 est
1219 2065 1398 2128 temeraria

203 2183 397 2245 coniectura
429 2183 589 2264 nulloque
620 2181 730 2245 solido
762 2184 874 2245 nitens
906 2182 1141 2246 fundamento.
1168 2182 1219 2246 At
1243 2185 1396 2265 gravissi·

205 2320 295 2363 mum
320 2301 412 2380 quod
437 2309 511 2364 tota
533 2302 713 2376 sententia,
737 2309 790 2364 tot
814 2302 964 2365 artificiis
987 2302 1187 2383 composita,
1213 2301 1308 2365 nullo
1329 2302 1396 2364 vin·

202 2419 278 2482 culo
310 2419 470 2483 cohaeret
498 2419 552 2482 vel
576 2440 652 2483 cum
677 2420 962 2502 praecedentibus
986 2420 1040 2483 vel
1062 2439 1140 2482 curn
1164 2423 1394 2503 sequentibus.

205 2537 297 2619 Ergo
321 2558 397 2600 curn
419 2536 555 2600 Sirkero
568 2549 657 2620 puer
677 2558 745 2601 non
759 2537 1026 2622 perlegendum
1047 2558 1121 2601 esse
1140 2547 1267 2614 statuo,
1289 2560 1396 2622 neque

204 2664 318 2718 tamen
350 2657 397 2718 sic
430 2665 543 2719 verto:
581 2677 683 2737 „puer
711 2657 823 2720 officia
852 2655 908 2719 illa
940 2677 1106 2720 novercae
1138 2657 1297 2721 ridebat''
1321 2679 1395 2722 nam

203 2774 325 2857 legitur
348 2776 495 2839 ludibria
520 2796 587 2838 non
608 2775 801 2852 ludibrium,
822 2796 932 2857 neque
952 2777 1140 2857 quidquam
1161 2777 1195 2839 in
1214 2777 1396 2841 ludibrium

202 2895 340 2957 uertisse
364 2893 594 2956 Britannicum
615 2893 777 2956 credibile
797 2902 866 2969 est;
888 2895 1011 2957 tacitus
1032 2902 1252 2957 contemnere
1273 2904 1396 2976 potest,

203 3013 236 3074 in
262 3013 346 3074 risus
370 3031 546 3093 erumpere
572 3031 639 3073 non
665 3020 715 3074 est
740 3012 886 3075 hominis
905 3020 975 3073 tam
998 3012 1121 3074 miseri.
1141 3011 1301 3094 Denique
1321 3014 1396 3076 reti·

205 3150 322 3192 nemus
346 3130 504 3204 ludibria,
528 3128 671 3210 legimus
689 3141 778 3212 puer
802 3139 836 3193 et
860 3138 969 3191 totum
995 3128 1108 3192 locum
1128 3129 1176 3191 sic
1196 3130 1395 3212 accipimus:

207 3268 319 3329 „puer,
355 3248 491 3329 (secum,
528 3249 662 3330 tacitus)
698 3248 808 3310 officia
843 3269 1010 3311 novercae
1046 3257 1222 3330 tamquam
1254 3249 1399 3313 ludibria

204 3366 523 3448 interpretabatur”.
549 3367 649 3430 Nunc
672 3366 807 3448 egregie
826 3367 994 3448 seqnitur:
1015 3368 1204 3450 intellegens
1216 3369 1327 3450 falsi;
1348 3390 1399 3432 ue-

205 3508 266 3567 que
284 3487 368 3550 enim
388 3507 517 3569 segnem
537 3488 568 3549 ei
578 3488 692 3570 fuisse
710 3486 850 3550 indolem
862 3486 988 3567 ferunt
1006 3508 1031 3549 e.
1044 3507 1075 3568 q.
1087 3508 1113 3549 s.
1128 3486 1235 3549 Verbi
1248 3489 1399 3552 vertendi

204 3626 245 3666 eo
270 3625 337 3687 quo
358 3624 423 3686 ego
442 3603 521 3667 volo
541 3625 641 3667 sensu
662 3606 763 3687 positi
784 3604 994 3687 praeclarum
1015 3605 1209 3687 exemplum
1231 3607 1398 3687 praebent

204 3724 272 3784 duo
304 3742 419 3785 versus
450 3722 671 3805 Propertiani,
703 3724 760 3804 qui
792 3730 903 3787 totum
934 3721 1046 3785 locum
1078 3731 1230 3786 nostrum
1262 3727 1399 3807 egregie

204 3840 372 3903 illustrant
397 3841 505 3923 (Epic.
530 3841 630 3905 Corn.
657 3843 699 3923 89
722 3842 802 3923 sq.):

339 3960 411 4022 Nec
436 3969 579 4023 matrem
604 3960 740 4024 laudate
764 3961 878 4037 nimis3
905 3959 1029 4023 collata
1053 3961 1156 4042 priori
1181 3961 1354 4044 (noverca)

382 4078 505 4143 Vertet
529 4080 563 4142 in
587 4080 732 4143 offensas
756 4080 861 4143 libera
886 4080 990 4142 verba
1012 4101 1099 4143 suas.

244 4331 270 4397 1)
289 4331 331 4380 Sic
350 4331 420 4380 band
439 4332 517 4381 dubie
536 4339 574 4381 est
594 4333 622 4382 in
641 4332 745 4382 codice:
757 4334 792 4398 3,
811 4348 864 4381 non
880 4340 909 4398 p.
