1060 1467
570 165 602 187 278

286 211 353 232 Nempe
364 211 410 227 idem
420 211 494 227 Rubrius
504 211 568 230 Gallusy
579 211 600 227 de
610 216 644 231 quo
655 211 672 227 in
681 210 824 231 praecedentibus
830 215 885 226 sermo

285 243 316 257 est⁴
326 241 360 257 Sed
371 241 404 257 hoc
414 241 472 257 durius
481 241 528 262 quod
537 241 636 257 admonendi
644 241 716 256 verbum
726 241 753 256 hic
764 240 848 261 primum:
860 240 885 260 ‚in

286 271 385 287 memoriam
402 270 493 286 revocare¹'
508 270 598 291 significat,
610 271 672 286 deinde
687 270 800 290 ,adimi-tari&
813 270 886 291 Utrique

286 300 331 316 malo
347 300 448 319 medeberis,
464 300 477 316 si
493 300 577 316 excidisse
594 305 656 321 pauoezs
668 300 743 316 literulas
754 302 825 319 statues,
838 300 886 316 Taci-

286 333 357 351 tumque
369 336 400 351 pro
412 330 531 346 admonebatur
543 330 638 351 scripsisse:
651 330 739 346 admonens
750 330 858 346 hortabatur.

310 390 331 406 H.
345 390 374 409 111,
388 394 403 406 2.
420 390 439 406 In
455 390 531 406 exercitu
545 390 629 406 Flaviano
640 392 681 405 sunt
692 390 721 410 qui
734 390 836 405 morandum
848 394 887 405 cen—

286 422 334 436 seant
347 422 364 436 et
377 420 451 436 Muciani
462 420 597 441 exspectandum
607 420 707 435 exercitum.
720 419 745 435 At
755 419 843 435 Antonius
853 419 887 435 Pri-

288 455 332 469 mus,
349 450 374 466 vir
389 450 480 466 acerrimus
497 455 588 470 moraeque
605 450 703 470 impatiens,
719 449 834 465 festinandum
850 454 887 465 esse

286 479 349 495 clamat
364 482 381 495 et
398 479 448 495 celeri
463 479 528 500 impetu
541 479 664 500 opprimendos
676 479 738 495 hostes.
752 479 793 495 Eius
806 479 858 495 verba
870 482 888 495 et

286 509 320 525 alia
332 512 349 525 et
361 509 403 525 haec
415 510 513 525 traduntur:

311 539 358 559 „Nisi
370 539 408 559 quis
420 539 486 558 retinet,
499 540 546 555 idem
557 544 616 555 suasor
627 541 721 560 auctorque
733 539 798 555 consilii
811 539 858 555 ero.'¹

310 569 370 590 Inepte
383 569 409 585 bis
421 569 467 585 idem
477 569 504 585 hic
515 569 548 585 diei
559 569 606 590 (quid
617 569 662 585 enim
673 569 717 585 inter
726 574 812 585 suasorem
823 572 840 585 et
850 574 889 585 auc-

288 602 340 615 torem
351 599 421 615 interest
426 598 437 619 ἲ)
449 599 514 615 dudum
524 601 550 615 est
560 599 672 615 intellectum.
685 599 711 615 En
723 599 785 615 iterum
796 599 888 620 Leopoldii

288 629 321 644 mei
336 629 423 649 ingenium
435 628 499 644 elucet!
512 629 569 649 Vulgo
581 629 627 645 enim
639 629 722 649 probatur
733 629 791 645 Iacobi
804 629 888 645 correctio

290 663 357 678 ¹,suasor
367 658 461 679 actarque'’.
471 658 496 674 At
506 659 546 674 vide
555 661 620 679 quanto
626 659 643 674 et
650 659 735 679 elegantia
742 659 758 675 et
765 658 888 679 probabilitate

289 688 332 704 illius
343 691 418 709 praestet
428 688 533 704 emendatio:
546 691 614 709 ,auctor
624 688 723 709 actorque¹‘.
736 688 779 705 Cum
789 689 888 710 explicandi

288 723 338 734 causa
353 723 413 734 suasor
430 718 488 734 fuisset
503 718 643 739 suprascriptum,
659 718 781 735 vocabulorum
796 721 832 735 tam
845 719 889 735 inter

288 753 306 764 se
317 748 398 764 similium
410 748 482 764 alterum
494 748 522 764 illa
534 749 646 764 annotatione
659 754 673 764 e.
678 751 727 764 textu
737 749 827 769 expulsum
838 751 864 765 est
873 749 889 770 ¹).

311 807 333 823 H.
350 807 380 826 111,
394 812 422 827 4¹-
438 807 502 823 Fabius
514 807 579 824 Valens
594 808 682 824 Vitelliani
698 809 782 824 exercitus
799 808 835 824 dux
850 813 889 824 eum

288 838 346 858 paucis
358 837 458 853 cohortibus
468 838 485 853 in
496 837 581 853 Etruriam
592 838 643 857 venit,
653 838 682 853 ubi
692 838 761 858 cognito
768 838 889 854 Cremonensis

289 867 348 888 proelii
360 867 407 883 exitu
419 867 508 883 consilium
520 867 584 888 arripit,
597 867 649 888 quod,
660 868 674 883 si
686 869 791 887 maturasset,
801 868 888 884 funestum

288 897 391 918 reipublicae
404 902 441 913 esse
453 897 541 917 potuisset,
554 902 616 918 nempe
628 899 663 919 ut:-

313 927 393 947 „arreptis
406 926 477 942 navibus
489 927 506 942 in
516 932 636 947 quamcunque
645 929 712 948 partem
722 927 840 943 Narbonensis
850 933 889 949 pro-

289 956 354 972 vinciae
372 961 449 977 egressus
464 956 527 972 Gallias
543 959 560 972 et
576 957 661 973 exercitus
676 959 694 973 et
710 957 811 973 Germaniae
827 959 889 978 gentes

289 991 386 1006 novumque
399 986 463 1002 bellum
475 986 545 1002 cieret?

311 1015 366 1036 Quam
379 1016 432 1031 multa
444 1016 471 1031 hic
483 1018 609 1035 enumerantur,
622 1016 649 1032 vel
661 1016 718 1037 potius
730 1016 782 1032 balbo
793 1021 823 1032 ore
836 1017 890 1033 effun-

289 1045 357 1061 duntur.
372 1045 399 1061 De
414 1045 516 1066 quibusnam
529 1046 556 1061 hic
567 1046 666 1062 exercitibus
677 1046 788 1067 cogitandum
800 1046 837 1062 esti
850 1047 890 1067 Ipse

289 1077 380 1090 contextus
392 1075 442 1090 nobis
452 1075 544 1091 Galliarum
555 1075 612 1091 neseio
622 1080 665 1096 quos
674 1076 759 1092 exercitus
769 1076 852 1092 obtrudit.
866 1076 890 1092 Et

289 1104 390 1121 Germaniae
398 1105 475 1126 gentibus
484 1105 525 1126 quid
536 1105 564 1121 hic
572 1105 663 1122 faciamus?
673 1106 788 1126 Fiugamusne
795 1106 889 1123 Valentem

308 1168 321 1185 ι)
330 1168 366 1181 lund
374 1165 421 1181 Amor
430 1171 491 1185 marm
500 1169 548 1186 iegitur
557 1171 570 1182 ει
579 1169 614 1186 -pmi
624 1170 695 1187 Nepotem,
704 1170 732 1182 Au.
741 1173 754 1186 μ

172 1224 363 1312 -’
