3210 5274
736 348 799 416 ¹50

162 512 239 595 Qua
269 514 377 596 gloria
408 514 580 596 aequabat
610 535 647 577 se
678 515 837 579 Tiberius
868 517 990 599 priscis
1014 519 1302 600 imperatoribus,
1325 522 1376 603 qui

164 653 336 697 venenum
361 635 394 696 in
420 633 588 715 Pyrrhum
612 654 729 716 regem
754 643 937 699 vetuerant
963 638 1305 721 prodiderantque.”

210 751 284 815 Nisi
317 761 446 816 certum
478 753 629 815 stetisset
656 753 780 817 Tacito
805 755 986 818 consilium
1011 777 1058 819 ex
1082 758 1253 821 omnibus
1278 759 1379 833 rebus,

166 873 270 936 etiam
306 872 567 948 absurdissimis,
605 873 769 936 iuvidiam
805 875 838 937 in
871 873 1052 938 Tiberium
1086 877 1280 952 conflandi,
1311 899 1380 960 pru-

169 994 304 1057 dentius
336 994 390 1057 hic
423 994 557 1075 egisset,
589 1000 768 1075 totamque
794 1014 866 1057 rem
891 994 926 1056 in
951 994 1100 1058 dubium
1127 1007 1302 1061 vocasset.
1326 997 1381 1060 Est

169 1113 260 1177 enim
283 1114 471 1177 admodum
495 1112 620 1176 insulsa
644 1114 841 1196 ineptaque.
863 1113 921 1176 An
942 1115 970 1177 si
991 1116 1160 1199 princeps
1182 1116 1381 1182 Chattorum

171 1233 227 1298 illo
247 1234 351 1297 modo
367 1233 499 1316 Populo
513 1233 671 1296 Romano
685 1253 811 1297 navare
824 1253 966 1316 operam
979 1235 1126 1318 eiusque
1142 1237 1234 1310 inire,
1244 1239 1381 1321 gratiam

171 1353 343 1438 cupiebat,
365 1353 500 1417 nullane
520 1353 586 1417 alia
606 1354 650 1417 ad
667 1353 862 1416 Arminium
876 1354 1021 1436 patebat
1034 1354 1114 1419 viai
1129 1355 1274 1432 Nonne,
1288 1358 1381 1419 etiam

172 1478 199 1540 si
225 1494 358 1538 veneno
378 1475 498 1538 tollere
519 1493 596 1536 eum
618 1483 809 1548 conaretur,
832 1474 996 1537 ministris
1016 1495 1107 1557 opus
1126 1484 1215 1552 erat,
1238 1478 1298 1559 qui
1319 1478 1381 1538 sine

175 1594 367 1677 suspicione
396 1595 477 1658 illud
502 1595 532 1658 ei
558 1593 731 1676 porrigere
756 1592 918 1676 possent?
943 1594 989 1656 Hi
1013 1603 1135 1658 autem
1163 1596 1199 1659 in
1226 1597 1302 1679 ipsa
1326 1595 1382 1658 Ar·

178 1714 270 1781 minii
295 1724 391 1779 erant
415 1714 601 1796 quaerendi
626 1712 763 1787 familia,
789 1713 906 1795 ibique
926 1712 1089 1777 facillime
1111 1714 1383 1788 inveniebantur,

180 1856 268 1911 nam,
304 1855 346 1898 ne
384 1835 515 1898 duabus
549 1833 689 1916 quidem
723 1833 908 1897 interiectis
939 1832 1048 1908 lineis,
1083 1833 1288 1898 Arminium
1320 1833 1383 1898 dolo

176 1957 439 2042 propinquorum
471 1953 633 2016 cecidisse
665 1951 818 2034 legimus.
851 1951 946 2034 Ergo
970 1960 1030 2015 aut
1053 1952 1123 2015 alia
1149 1954 1288 2017 ratione
1314 1953 1384 2017 Ger·

182 2078 271 2142 mani
293 2075 418 2138 invisos
437 2073 502 2137 sibi
523 2071 677 2136 homines
693 2071 780 2134 clam
795 2091 917 2134 necare
930 2070 1115 2147 callebant,
1129 2082 1204 2149 aut,
1218 2075 1246 2137 si
1261 2093 1384 2138 veneno

183 2200 216 2262 hi
248 2215 385 2278 quoque
416 2193 465 2256 usi
497 2199 576 2255 sunt
604 2191 796 2274 propinqui,
822 2191 893 2253 eius
917 2189 951 2252 in
976 2189 1052 2271 ipsa
1076 2188 1272 2255 Germania
1296 2191 1385 2275 copia

183 2329 256 2382 tum
288 2316 361 2379 suit.
387 2312 517 2396 Quodsi
542 2320 657 2375 tamen
682 2309 841 2392 fingimus
865 2310 977 2373 Roma
1001 2307 1085 2372 illud
1113 2309 1313 2388 Germanis,
1336 2311 1384 2394 qui

183 2439 232 2502 uti
270 2437 406 2511 vellent,
440 2433 540 2497 luisse
572 2431 771 2515 petendum,
803 2450 906 2512 quam
939 2431 1077 2511 ineptus
1111 2429 1386 2513 Adgandestrius

186 2566 310 2633 noster,
334 2555 391 2638 qui
415 2554 459 2617 ab
482 2553 564 2635 ipsis
588 2549 742 2634 patribus
764 2549 966 2631 conscriptis
990 2548 1073 2612 illud
1098 2560 1272 2615 arcessat:
1298 2551 1386 2636 quasi

186 2698 267 2742 vero
300 2677 430 2740 Romae
462 2672 599 2757 publica
629 2670 798 2753 quaedam
830 2668 932 2731 suerit
964 2687 1178 2731 venenorum
1209 2671 1386 2753 apotheca

189 2797 490 2863 Prudentissimum
510 2793 611 2876 igitur
631 2790 738 2854 iuerat
759 2787 926 2852 eiusmodi
945 2807 1052 2869 nugas
1067 2795 1175 2869 atque
1192 2791 1388 2873 quisquilias

188 2941 239 2994 e0,
266 2919 321 2981 ubi
346 2918 505 2979 inventae
530 2919 653 2986 essent,
679 2908 868 2990 relinquere
892 2906 986 2982 loco;
1012 2907 1039 2969 si
1064 2914 1182 2969 tamen
1210 2907 1294 2971 inde
1320 2928 1389 2991 pro·

188 3039 411 3110 traherentur,
445 3031 561 3116 paucis
592 3029 705 3093 verbis
735 3036 832 3091 erant
856 3025 1068 3089 refutandae.
1093 3024 1220 3088 Fidem
1246 3027 1389 3090 verulis

189 3159 315 3222 habere
341 3155 492 3220 omnium
517 3149 807 3236 perversissimum
831 3146 929 3220 soret,
954 3144 1018 3208 nisi
1043 3143 1172 3225 aliquid
1199 3145 1390 3226 perversius

191 3278 419 3361 excogitasset
450 3273 605 3337 Tacitus:
638 3270 707 3334 ideo
738 3267 840 3331 fidem
874 3266 913 3327 iis
944 3263 1071 3327 habere
1096 3270 1132 3324 ut
1158 3272 1277 3344 posset
1303 3283 1390 3327 novo

191 3400 365 3463 Tiberium
391 3395 566 3459 vulnerare
591 3389 740 3462 crimine,
765 3405 874 3467 eoque
898 3382 1095 3446 falsissimo:
1121 3401 1200 3444 nam
1225 3381 1254 3444 si
1275 3391 1390 3445 tamen

192 3520 365 3594 sumimus,
397 3517 431 3579 id
461 3513 553 3596 quod
579 3510 636 3574 vix
661 3508 840 3590 quisquam
864 3505 897 3568 in
921 3503 1073 3567 animum
1099 3501 1251 3578 iuducet,
1275 3522 1391 3566 veram

194 3644 281 3706 hanc
302 3660 374 3702 esse
395 3639 437 3699 de
451 3634 653 3698 Chattorum
666 3626 828 3711 principis
841 3624 1008 3708 promisso
1023 3621 1265 3698 narrationem,
1280 3643 1392 3696 nemo,

195 3780 296 3845 quem
329 3758 468 3839 quidem
502 3772 570 3815 non
601 3746 770 3831 cupiditas
802 3763 940 3807 caecum
973 3739 1171 3815 reddiderit,
1203 3740 1393 3824 quidquam

195 3879 286 3943 aliud
312 3877 390 3939 inde
415 3875 547 3938 efficere
571 3877 685 3951 potest
710 3883 811 3947 quam
833 3863 915 3926 hoc:
937 3882 979 3924 ne
998 3859 1057 3923 illo
1076 3858 1216 3941 quidem
1238 3867 1394 3942 tempore

196 4006 351 4063 senatum
372 4015 391 4056 a
412 3994 521 4077 prisca
542 3984 800 4070 degeneravisse
822 3983 958 4055 virtute,
978 3980 1013 4042 in
1032 3978 1096 4041 hac
1118 3997 1200 4040 vero
1220 3997 1257 4040 re
1278 3998 1395 4061 parem

197 4142 232 4182 sc
257 4115 431 4179 Tiberium
456 4109 615 4175 Fabricio
636 4103 853 4188 praestitisse.
875 4101 928 4163 De
949 4097 1040 4162 inani
1060 4095 1246 4160 iactatione
1268 4106 1303 4159 et
1323 4096 1395 4158 imi·

198 4239 327 4301 tatione
352 4236 468 4316 inepta
492 4247 603 4292 sermo
628 4224 681 4286 hic
706 4227 779 4284 es'se
803 4228 917 4304 potest
942 4217 1060 4281 nullus
1086 4215 1159 4278 Aut
1179 4216 1206 4277 si
1227 4215 1394 4278 eiusmodi

200 4356 407 4440 suspiciones
438 4353 492 4415 hic
523 4349 594 4411 sine
625 4364 758 4408 summa
786 4340 906 4404 iniuria
930 4337 1071 4422 proferri
1096 4344 1251 4419 possunt,
1276 4335 1396 4418 quidni
