3210 5274
660 413 720 482 Ι57

137 576 258 659 ,Quod
279 578 443 641 damnum
463 577 587 642 Caesar
606 579 655 641 ad
666 578 817 662 gloriam
833 579 936 642 vertit
954 577 1101 641 exolutis
1122 580 1285 643 domuum

88 708 125 761 et
148 696 332 761 insularum
357 697 508 781 pretiis.''

134 818 212 880 Non
237 817 468 881 misericordia
492 826 623 881 motum
647 826 777 880 tantam
802 818 1009 901 impendisse
1030 820 1207 901 pecuniam
1229 819 1285 882 Ti·

86 936 230 1012 berium,
254 938 314 1001 sed
339 947 376 1001 ut
400 938 544 1019 gratiam
569 937 669 1000 iniret
692 937 827 1013 civium,
853 937 906 999 vel
931 938 1010 1019 quia
1033 947 1169 1021 putaret
1192 939 1282 1002 illam

87 1057 355 1120 munificentiam
386 1077 484 1120 suum
517 1058 638 1121 decere
670 1066 796 1120 statum
828 1056 1019 1139 locumque,
1053 1059 1079 1120 si
1110 1060 1283 1134 sumimus,

86 1177 283 1240 coniectura
314 1177 449 1252 utimur,
482 1176 649 1260 probabili
679 1177 828 1258 quidem,
852 1177 913 1240 sed
937 1185 1053 1241 tamen
1077 1179 1282 1242 coniectura.

87 1296 133 1359 Et
165 1297 247 1378 quid
276 1305 349 1359 tum
372 1297 536 1359 sumimus
560 1297 652 1378 quod
679 1316 746 1359 non
771 1295 825 1359 vel
848 1297 881 1359 in
906 1297 1075 1379 optimum
1099 1298 1282 1362 conveniat

86 1414 297 1498 principem?
322 1414 389 1479 Sed
416 1417 473 1498 qui
495 1415 576 1478 nihil
597 1415 651 1478 hic
672 1417 788 1478 videre
808 1416 880 1478 vult
901 1416 963 1478 nisi
985 1437 1107 1479 vanam
1128 1418 1281 1482 iactatio-

86 1553 165 1597 nem
188 1541 225 1596 et
247 1534 403 1597 insanum
426 1534 554 1616 gloriae
574 1535 735 1609 studium,
756 1535 783 1597 is
803 1535 942 1616 quidem
963 1534 1115 1617 legentes
1135 1536 1281 1600 ludibrio

86 1652 213 1716 habere
238 1654 319 1717 mihi
344 1655 489 1718 videtur.

129 1771 166 1836 C.
187 1773 242 1852 46.
264 1773 316 1836 De
337 1774 504 1837 tradendo
525 1773 667 1856 imperio
689 1774 818 1857 cogitat
838 1774 1004 1849 Tiberius,
1025 1775 1085 1838 sed
1103 1796 1170 1838 non
1184 1775 1282 1841 facile

85 1893 114 1954 ei
146 1901 199 1956 est
232 1902 351 1977 aptum
384 1893 526 1977 imperio
553 1894 705 1956 invenire
733 1913 979 1957 successorem:
1012 1894 1048 1958 C.
1082 1895 1206 1959 Caesar
1229 1917 1282 1959 su·

84 2022 222 2096 spectus
251 2013 280 2075 ei
313 2021 375 2088 est,
407 2034 525 2096 nepos,
557 2014 669 2077 Druso
692 2011 761 2076 filio
784 2015 928 2096 genitus,
953 2014 1050 2077 annis
1073 2015 1280 2092 immaturus,

84 2141 199 2195 mente
224 2143 345 2216 captus
369 2132 545 2197 Claudius:

131 2250 211 2333 ,Sin
236 2260 333 2315 extra
357 2253 498 2315 domum
516 2272 691 2316 successor
710 2261 938 2335 quaereretur,
960 2274 1002 2316 ne
1024 2254 1186 2317 memoria
1208 2254 1278 2318 Au·

81 2372 181 2454 gusti,
203 2392 246 2434 ne
267 2393 392 2435 nomen
412 2371 594 2435 Caesarum
615 2372 649 2434 in
670 2372 852 2436 ludibrium
873 2380 1056 2449 verterent,
1070 2372 1277 2437 metuebat.''

127 2491 232 2568 Nihil,
258 2501 294 2555 ut
317 2493 449 2575 opinor,
475 2492 540 2555 hoc
561 2501 652 2555 metu
674 2493 860 2575 excogitari
882 2501 996 2575 potest
1017 2493 1124 2574 magis
1144 2492 1278 2557 honori·

81 2610 194 2675 ficum.
219 2612 277 2675 An
301 2613 395 2677 cordi
416 2632 484 2676 non
505 2632 578 2674 esse
599 2620 757 2695 oportere
778 2612 883 2675 cuivis
904 2632 1102 2676 censeamus
1122 2614 1278 2696 principi,

81 2739 117 2794 ut
141 2731 246 2794 etiam
272 2741 350 2814 post
373 2751 468 2794 suam
493 2739 638 2795 mortem
661 2732 711 2794 sui
736 2731 830 2813 regni
856 2739 987 2813 perstet
1012 2731 1195 2796 memoria?
1219 2733 1276 2796 An

80 2871 288 2932 quemquam
324 2871 439 2935 regem
474 2852 759 2933 imperatoremve
792 2859 863 2914 tam
895 2850 1055 2914 hebetem
1086 2851 1279 2915 somnolen-

79 2977 221 3052 tumque
247 2991 320 3033 esse
344 2970 554 3054 postulemus
578 2978 615 3032 ut
638 2990 674 3032 se
699 2990 776 3034 cum
796 2978 871 3033 toto
891 2989 952 3034 suo
973 2970 1116 3054 imperio
1136 2979 1277 3052 totaque

80 3108 140 3152 sua
163 3097 267 3171 gente
291 3090 326 3152 in
349 3088 558 3152 oblivionem
579 3090 694 3152 venire
715 3109 825 3171 aequo
847 3088 932 3152 ferat
952 3088 1087 3153 animo?
1107 3088 1277 3171 Quorsum

79 3228 161 3291 ergo
194 3197 343 3291 pertinet
366 3209 511 3272 mordax
534 3209 623 3272 istud
650 3217 684 3271 et
708 3207 848 3271 lividum
874 3210 917 3271 de
941 3207 1079 3272 Tiberio
1105 3210 1277 3285 iudicium,

77 3329 172 3411 quod
197 3329 310 3392 verbis
334 3330 437 3392 modo
461 3327 571 3392 allatis
595 3327 733 3391 Tacitus
756 3328 927 3411 adiungit:

127 3447 284 3532 „Quippe
315 3449 361 3512 illi
395 3469 462 3511 non
494 3448 635 3531 perinde
664 3468 764 3511 curae
788 3448 896 3531 gratia
919 3449 1148 3531 praesentium
1172 3471 1275 3532 quam

77 3567 111 3629 in
137 3577 293 3649 posteros
316 3565 503 3631 ambitio'’l

123 3688 248 3751 Nonne
289 3689 379 3751 enim
415 3688 589 3772 egregium
624 3686 716 3762 illud,
753 3707 833 3769 prae
869 3687 958 3751 fama
992 3688 1083 3771 apud
1119 3696 1275 3770 posteros

70 3809 299 3893 praesentium
327 3809 482 3892 gratiam
512 3804 704 3889 negligere?
737 3807 860 3869 Nonne
892 3805 956 3870 hoc
987 3827 1123 3889 semper
1153 3828 1272 3873 omnes

75 3927 229 3991 lecerunt
251 3927 431 4010 principes,
453 3929 510 4009 qui
532 3927 671 4009 quidem
690 3947 726 3989 se
750 3947 817 3989 non
839 3926 882 3989 ab
902 3927 1061 3989 omnibus
1074 3929 1273 3993 mortalibus

73 4048 262 4130 contemni,
286 4048 426 4131 despici,
452 4047 597 4111 derideri
623 4045 769 4109 vellent?
794 4045 943 4110 Omnino
965 4048 1038 4111 viri
1055 4057 1108 4112 est
1127 4050 1272 4131 gratiam

74 4168 306 4250 praesentium
331 4168 426 4250 parvi
451 4176 589 4250 putare,
614 4165 714 4249 plane
739 4163 829 4229 illam
855 4165 1040 4249 despicere,
1063 4189 1131 4250 quo
1152 4170 1272 4233 melius

73 4286 183 4351 lamae
207 4287 299 4369 apud
325 4296 480 4370 posteros
499 4285 663 4360 consulat,
685 4285 846 4367 principis
866 4294 919 4348 est
939 4286 1076 4369 eiusque
1099 4298 1270 4370 praestan·

71 4407 204 4470 tissimi.
226 4404 367 4475 Tacitus
386 4415 501 4469 tamen
523 4405 730 4489 praeclaram
751 4403 878 4467 Tiberii
899 4407 1104 4470 sententiam
1124 4410 1270 4491 pruden-
