3292 5280
785 382 846 465 176

266 562 304 624 ln
337 562 456 623 urbem
489 581 555 623 non
588 581 815 642 regressurum
848 561 1022 624 Tiberium
1055 561 1213 623 dixerant
1340 557 1417 641 qui?

223 680 466 754 Mathematici,
499 688 535 742 ut
558 681 690 763 opinor,
715 689 750 743 et
774 701 911 744 veraces
934 701 993 743 eos
1016 701 1090 743 esse
1114 681 1290 762 apparuit:
1317 698 1417 741 even-

222 808 294 863 tum
325 800 415 863 enim
449 800 538 862 istud
567 800 762 863 vaticinium
788 800 907 863 habuit
931 800 1033 881 (haud
1058 799 1146 862 sorte
1170 798 1325 879 dictum).
1350 797 1416 861 Sed

141 1000 147 1007 Ι
223 929 399 1001 praeterea
418 918 499 982 nihil
521 919 794 982 declaraverant:
815 930 998 983 ceterorum
1019 939 1100 1001 ergo
1121 919 1221 982 nescii
1239 926 1333 980 recte
1354 917 1418 980 dici

223 1059 291 1100 non
324 1047 481 1120 possunt:
516 1038 664 1101 vaticinii
696 1039 746 1100 sui
778 1047 972 1102 accuratam
1003 1038 1324 1121 interpretationem
1354 1057 1420 1099 non

225 1159 400 1233 dederant,
432 1179 512 1240 ergo
541 1179 755 1240 nequaquam
780 1160 960 1222 constabat
984 1167 1096 1221 utrum
1122 1159 1184 1240 ipsi
1211 1179 1328 1221 veram
1353 1159 1423 1220 eius

225 1278 293 1339 vim
315 1277 540 1359 intelligerent
561 1298 679 1352 necne,
700 1299 810 1360 neque
831 1277 1009 1341 referebat.
1031 1279 1080 1341 At
1100 1276 1156 1339 alii
1177 1278 1221 1339 de
1242 1297 1304 1339 suo
1323 1277 1422 1338 inter·

226 1397 452 1478 pretationem
473 1406 570 1459 erant
590 1397 785 1470 commenti,
807 1398 877 1460 veri
898 1397 1037 1479 quidem
1058 1394 1201 1459 similem
1224 1396 1313 1477 (quis
1333 1396 1421 1458 enim

227 1516 430 1597 providebat
451 1536 512 1597 per
532 1524 584 1578 tot
603 1535 711 1578 annos
731 1515 904 1579 Tiberium
925 1525 1022 1579 extra
1042 1515 1161 1578 urbem
1181 1512 1420 1594 moraturum)

227 1637 286 1699 sed
318 1645 433 1699 tamen
466 1635 600 1699 salsam:
633 1636 680 1698 sic
710 1635 820 1717 patuit
843 1636 941 1698 breve
963 1635 1136 1720 confinium
1160 1635 1250 1697 artis
1272 1646 1305 1697 et
1321 1633 1420 1717 salsi.

229 1757 321 1838 Ergo
352 1776 405 1818 res
437 1755 500 1817 huc
533 1756 637 1818 redit:
671 1756 762 1837 quod
797 1754 888 1818 effati
921 1764 1017 1819 erant
1048 1754 1280 1817 mathematici
1306 1774 1422 1817 verum

228 1876 290 1939 suit
326 1884 360 1937 et
393 1883 553 1937 eventum
585 1873 715 1948 habuit,
746 1874 838 1955 quod
871 1873 926 1936 alii
957 1874 1162 1937 addiderunt
1195 1872 1351 1936 homines
1382 1894 1424 1936 ex

229 1995 345 2058 fraude
371 1994 424 2057 vel
449 2015 492 2055 ex
516 1994 648 2056 inscitia
673 2003 789 2057 natum
814 2002 895 2056 erat.
921 1995 1041 2076 Itaque
1066 2014 1134 2057 non
1158 2005 1342 2058 ceterorum
1366 1994 1424 2055 sed

230 2115 330 2178 ceteri
348 2114 547 2195 legendum:
569 2114 602 2177 in
624 2113 742 2176 urbem
763 2134 830 2176 non
852 2133 1079 2195 regressurum
1093 2114 1182 2176 haud
1197 2113 1284 2176 sorte
1298 2114 1426 2175 dictum

232 2236 264 2316 (i.
290 2255 318 2296 e.
351 2255 431 2297 vcra
462 2243 559 2296 erant
591 2232 694 2296 locuti
720 2233 974 2314 mathematici),
1000 2234 1103 2296 ceteri
1128 2234 1232 2296 nescii
1258 2254 1358 2315 egere
1384 2233 1429 2312 (et

232 2354 402 2417 finxerunt
434 2375 520 2435 quae
551 2355 636 2416 scire
668 2373 735 2417 non
769 2352 931 2434 possent).
965 2352 1070 2427 Haec,
1104 2361 1139 2415 ut
1171 2354 1305 2435 opinor,
1338 2361 1428 2415 recte

231 2476 319 2537 inter
343 2495 378 2536 se
402 2482 632 2555 opponuntur.

276 2593 319 2655 A.
347 2593 407 2666 lV,
431 2594 484 2655 62.
510 2592 562 2654 De
584 2592 678 2674 gravi
699 2591 902 2665 calamitate,
924 2612 1011 2673 quae
1034 2591 1186 2654 Fidenae
1206 2593 1360 2655 evenerit
1381 2591 1426 2653 sic

232 2733 366 2775 narrare
391 2710 529 2775 Tacitus
554 2712 690 2792 incipit:

282 2832 433 2914 „Coepto
453 2831 706 2914 amphitheatro
727 2830 852 2892 Atilius
871 2831 1020 2912 quidam,
1039 2828 1188 2893 libertini
1201 2831 1345 2912 generis,
1360 2850 1427 2911 quo

234 2951 464 3035 spectaculum
495 2950 721 3031 gladiatorum
753 2949 950 3024 celebraret,
984 2969 1094 3031 neque
1122 2948 1346 3014 fundamenta
1370 2970 1429 3031 per

235 3073 381 3135 solidum
412 3070 563 3133 subdidit
596 3089 705 3150 neque
737 3068 841 3130 firmis
874 3069 1017 3130 nexibus
1048 3068 1195 3150 ligneam
1227 3089 1429 3151 compagem

237 3190 495 3273 superstruxit.'’

284 3310 478 3375 Celebrandi
509 3309 649 3371 verbum
682 3307 835 3369 adhiberi
867 3326 966 3389 posse
998 3315 1033 3369 et
1063 3307 1117 3370 hic
1141 3307 1334 3370 adhibitum
1359 3328 1429 3369 esse

237 3431 359 3493 eodem
378 3449 476 3491 sensu
497 3447 565 3510 quo
586 3427 727 3489 verbum
747 3426 862 3488 edendi
882 3425 1062 3487 Furneaux
1082 3427 1194 3500 docet,
1216 3425 1429 3508 libenterque

237 3553 267 3614 ei
292 3551 466 3614 assentior.
492 3548 558 3612 Sed
584 3567 697 3610 nonne
723 3566 811 3608 nunc
835 3554 946 3608 totum
969 3546 1058 3608 istud
1087 3566 1174 3628 ,quo
1198 3546 1429 3629 spectaculum

236 3671 462 3753 gladiatorum
496 3664 704 3730 celebraret''
738 3666 922 3728 admodum
954 3667 1128 3748 pueriliter
1157 3667 1316 3731 additur?
1348 3667 1431 3749 Quis

238 3791 328 3852 enirn
358 3787 644 3869 amphitheatrum
670 3784 826 3848 aedificat
850 3785 917 3848 alio
941 3787 1092 3861 consilio,
1117 3808 1221 3869 quam
1245 3798 1282 3852 ut
1305 3789 1432 3871 gladia-

239 3918 350 3971 torum
372 3908 417 3969 ibi
440 3907 498 3968 fiat
517 3902 770 3987 spectaculum?
787 3904 876 3985 Quid
890 3905 1040 3980 omnino,
1054 3906 1111 3967 ubi
1124 3906 1167 3968 de
1180 3908 1433 3990 amphitheatro

239 4048 350 4090 sermo
374 4036 435 4100 est,
461 4026 546 4088 illius
571 4046 667 4088 usum
692 4025 925 4087 demonstrare
943 4023 1087 4087 attinet?
1108 4025 1160 4088 De
1180 4029 1434 4110 amphitheatro

241 4167 317 4209 cum
349 4147 500 4228 legimus,
534 4145 674 4207 fortasse
703 4153 737 4206 et
762 4144 803 4205 de
827 4142 900 4205 aliis
925 4144 1114 4226 cogitamus
1136 4149 1349 4228 spectaculis,
1374 4150 1433 4212 sed

242 4269 285 4330 de
318 4267 543 4347 gladiatorum
575 4262 815 4328 certaminibus
848 4264 1039 4346 praecipue.
1069 4265 1206 4349 Ergone
1229 4267 1318 4331 istud
1347 4288 1434 4350 ¹,quo

242 4387 472 4469 spectaculum
505 4385 732 4467 gladiatorum
763 4381 972 4446 celebraret'’
1000 4403 1019 4446 e
1042 4392 1139 4448 textu
1162 4385 1357 4451 eliciamus?
1380 4387 1435 4453 Sic
