3210 5274
755 372 820 422 200

233 541 270 602 ln
293 540 365 621 ipsa
386 541 429 602 de
448 539 510 602 illis
526 538 597 602 Silii
613 538 883 621 Messalinaeque
901 538 1067 621 „nuptiis”
1081 538 1276 600 narratione
1290 537 1383 599 insul-

186 661 352 722 sissimam
374 658 468 721 scioli
490 658 777 740 deprehendimus
797 658 1066 721 annotationem.
1083 656 1225 719 Tacitus
1237 657 1382 738 scripsit:

191 780 320 861 „urgeri
345 778 469 861 praela,
492 777 594 840 fluere
616 778 725 854 lacus;
747 787 782 840 et
803 777 947 841 feminae
968 776 1114 860 pellibus
1133 777 1310 838 accinctae
1331 777 1385 838 ad·

188 900 376 974 sultabant;
403 900 475 981 ipsa
500 899 592 960 crine
614 897 715 972 fluxo,
736 898 892 978 thyrsum
913 897 1080 979 quatienS,
1102 897 1267 976 iuxtaque
1290 894 1386 959 Silius

189 1020 314 1082 hedera
329 1020 470 1092 vinctuS,
484 1038 601 1101 gerere
614 1018 809 1092 cothurnos,
823 1018 932 1080 iacere
945 1027 1057 1099 caput,
1071 1027 1249 1099 strepente
1263 1019 1386 1079 circum

189 1140 323 1222 procaci
345 1137 472 1201 choro’'
493 1138 744 1220 elegantissima
764 1138 932 1200 brevitate
953 1138 986 1199 id
1007 1137 1154 1200 reticens
1170 1137 1265 1217 quod
1279 1138 1386 1218 quiris

190 1281 257 1323 non
289 1259 389 1342 plane
418 1260 575 1322 indoctus
597 1269 720 1341 sponte
744 1258 919 1321 coniiciat:
944 1277 1088 1340 quorum
1113 1257 1256 1319 deorum
1282 1256 1387 1319 homi-

191 1400 339 1462 numque
372 1379 482 1454 Silius,
515 1378 708 1453 Messalina,
739 1378 862 1442 chorus
892 1379 958 1440 sint
990 1376 1096 1440 suncti
1128 1377 1295 1459 partibus.
1340 1377 1387 1439 At

189 1500 322 1574 sciolus,
355 1510 469 1562 cetera
501 1501 615 1561 omnia
638 1497 1082 1589 silentio'praetermittens
1107 1496 1151 1558 ad
1176 1517 1282 1558 unum
1309 1496 1386 1558 illud

192 1621 345 1703 feminae
362 1619 505 1701 pellibus
526 1620 689 1682 accinctae
711 1617 908 1680 annotavit:
936 1625 990 1697 ,ut
1015 1615 1246 1679 sacrificantes
1267 1615 1322 1677 vel
1343 1617 1388 1677 in-

190 1740 361 1802 sanientes
381 1737 567 1812 Bacchae,'’
588 1758 676 1821 quae
696 1738 800 1800 verba
820 1738 947 1818 inepta,
967 1736 1113 1818 stupida,
1127 1734 1288 1808 absurda,
1302 1754 1390 1796 nunc

195 1861 292 1923 nobis
317 1881 378 1941 pro
403 1859 552 1922 Taciteis
577 1860 812 1922 venditantur!

237 1981 297 2054 Xl,
334 1998 384 2060 34.
417 1964 764 2061 Appropinquantem
796 1978 840 2040 ad
865 1977 982 2040 urbem
1008 1966 1186 2039 Claudium
1214 1973 1391 2037 Narcissus

193 2100 317 2180 aliique
350 2101 383 2161 in
418 2098 634 2161 Messalinam
666 2097 838 2179 instigant,
871 2097 944 2178 ipsa
975 2095 1143 2178 precibus,
1168 2095 1289 2157 amicis
1313 2092 1390 2155 alle-

191 2220 329 2301 gandis,
362 2218 476 2281 liberis
508 2217 689 2280 offerendis
722 2216 878 2279 maritum
911 2216 1065 2297 mitigare
1097 2214 1231 2289 studet;
1272 2233 1392 2276 omnes

193 2339 369 2400 Narcissus
393 2337 568 2400 amolitur:

242 2459 436 2537 ,Vibidiam
461 2456 632 2540 depellere
657 2456 820 2538 nequivit,
845 2457 926 2536 quin
951 2455 1057 2518 multa
1080 2474 1157 2517 cum
1183 2455 1314 2517 invidia
1336 2452 1391 2515 fla-

192 2579 316 2660 gitaret
348 2599 389 2640 ne
423 2575 597 2642 indefensa
629 2595 715 2638 uxor
746 2575 851 2637 exitio
883 2575 1029 2638 daretur.
1066 2573 1172 2655 lgitur
1195 2575 1392 2636 auditurum

194 2699 383 2782 principem
419 2707 453 2760 et
489 2696 560 2758 sore
596 2695 747 2758 diluendi
783 2695 931 2758 criminis
966 2693 1162 2757 facultatem
1196 2694 1391 2774 respondit:

194 2821 256 2882 iret
282 2819 416 2882 interim
441 2826 475 2880 et
499 2836 594 2878 sacra
618 2813 843 2898 capesseret.'’

239 2939 415 3020 Virginem
448 2936 623 2999 Vestalem
656 2936 755 2999 luisse
780 2935 954 2998 Vibidiam
979 2952 1008 2995 c.
1036 2947 1074 3014 32
1099 2931 1334 3013 cognovimus
1359 2941 1393 2993 et

195 3062 319 3123 haecce
343 3059 495 3138 legentes
518 3057 633 3119 statim
659 3057 886 3119 recordamur.
911 3053 1001 3136 Quid
1027 3072 1107 3134 ergo
1131 3051 1188 3114 illo
1210 3051 1315 3114 facias
1334 3052 1390 3133 qui

195 3181 321 3261 primus
354 3179 418 3240 huc
451 3198 469 3239 e
503 3178 653 3257 margine
685 3175 893 3238 transtulerit
917 3183 952 3236 et
977 3183 1053 3255 post
1077 3172 1212 3235 interim
1238 3172 1388 3253 posuerit

194 3320 314 3362 vocem
339 3295 458 3379 virgo?
495 3296 550 3358 Nil
576 3296 734 3377 equidem
760 3314 909 3377 unquam
935 3293 1004 3356 vidi
1029 3292 1186 3373 ineptius

239 3418 282 3480 A.
317 3417 394 3490 Xll,
429 3433 481 3478 22.
513 3402 649 3478 Verbis'
669 3435 736 3477 non
761 3435 848 3496 opus
872 3422 922 3475 est
947 3421 983 3476 ut
1007 3411 1126 3494 puerili
1150 3411 1387 3474 additamento

194 3538 354 3599 liberetur
379 3535 535 3610 Tacitus;
560 3535 693 3617 scripsit
717 3535 825 3597 enim:

242 3656 374 3735 „Atrox
396 3656 464 3716 odii
488 3654 679 3736 Agrippina
700 3662 734 3716 et
757 3652 885 3716 Lolliae
906 3650 1089 3714 infensa...
1113 3649 1251 3712 molitur
1263 3651 1389 3712 crimen

194 3785 228 3838 et
247 3782 488 3847 accusatorem,
508 3774 565 3854 qui
579 3773 729 3835 obiceret
743 3771 942 3845 Chaldaeos
957 3773 1272 3853 interrogatumque
1286 3768 1390 3851 Apol·

195 3897 271 3958 linis
296 3894 396 3957 Clarii
421 3892 636 3954 simulacrum
661 3912 762 3973 super
787 3892 913 3973 nuptiis
938 3887 1171 3972 imperatoris'’

239 4017 298 4077 sed
325 4017 356 4075 in
384 4014 501 4074 codice
521 4022 605 4093 post
633 4012 815 4075 Chaldaeos
839 4012 961 4092 legitur
985 4012 1087 4073 etiam
1111 4029 1237 4091 magos.

242 4135 318 4195 Non
342 4135 450 4195 minus
471 4135 624 4213 ineptum
646 4142 695 4193 est
717 4133 808 4213 quod
831 4131 926 4208 Xlll,
952 4130 1130 4194 roexemit
1144 4127 1389 4210 Nipperdeius:

244 4252 478 4333 „Quamquam
500 4252 708 4313 censuissent
731 4262 853 4331 patres,
867 4260 904 4312 ut
918 4249 1121 4332 principium
1133 4249 1213 4310 anni
1226 4247 1390 4329 inciperet

196 4393 310 4433 mense
349 4372 548 4445 Decembri,
585 4391 653 4451 quo
689 4380 782 4432 ortus
818 4378 889 4432 erat
926 4369 1035 4446 Nero,
1070 4377 1222 4461 veterem
1260 4367 1390 4450 religio·
