3210 5274
751 397 808 444 101

174 557 338 640 legimus:
371 560 584 641 ,promoveri
608 562 652 623 ad
678 570 836 643 quartum
860 582 880 624 a
905 561 1069 624 Bedriaco
1094 569 1203 622 castra
1228 557 1377 641 placuit’'

174 678 196 739 i.
209 697 240 739 e.
265 686 412 759 quatuor
437 699 526 742 nunc
551 680 687 743 milibus
711 702 871 764 passuum
896 681 1035 763 propius
1060 679 1183 742 absunt
1205 700 1225 742 a
1246 679 1377 742 Vitelli-

174 796 267 872 anis;
290 817 335 859 ex
354 797 419 860 illis
439 799 563 862 deinde
583 800 701 863 castris
720 801 909 882 procedunt
927 800 970 862 ad
989 818 1148 881 pugnarn,
1161 798 1221 860 sed
1235 818 1276 861 eo
1290 796 1377 872 loc0,
1447 878 1452 889 ι

176 916 273 998 quod
304 916 362 978 vix
385 936 655 981 commemorare
678 939 775 1001 opus,
801 920 856 981 ubi
883 918 1049 1001 proelium
1073 921 1124 980 est
1148 919 1376 993 commissum,

177 1034 271 1098 nulla
294 1044 404 1099 castra
428 1046 560 1119 ponunt
568 1065 576 1114 ;
602 1038 863 1121 profligantura
885 1038 1087 1113 Vitellianis,
1108 1038 1165 1119 qui
1187 1057 1244 1101 eos
1267 1057 1376 1119 perse·

177 1164 330 1237 quuntur
361 1157 472 1219 donec
504 1157 567 1240 ipsi
592 1157 625 1220 V
652 1157 743 1220 milia
770 1177 928 1240 passuum
953 1177 973 1219 a
997 1158 1172 1232 BedriacO,
1197 1158 1218 1219 i.
1231 1177 1260 1218 e.
1287 1156 1376 1218 mille

177 1294 299 1356 passus
322 1295 343 1338 a
366 1277 484 1338 castris
514 1276 578 1339 illis
605 1277 727 1359 capitis
756 1294 808 1358 39,
833 1278 966 1341 absunt.
992 1276 1150 1340 Potuitne
1176 1276 1260 1339 ullus
1283 1277 1377 1339 locus

175 1395 294 1477 aptior
312 1395 499 1477 excogitari
521 1395 782 1459 Vitellianorum
799 1396 1037 1459 deliberationi
1054 1405 1165 1458 utrum
1182 1406 1292 1458 castra
1304 1396 1377 1477 ipsa

175 1522 382 1596 oppugnent
407 1513 536 1578 necne?
1165 1496 1168 1501 ¹

224 1633 269 1696 H.
294 1634 339 1708 II,
362 1635 416 1713 46.
441 1635 521 1697 Post
545 1634 710 1717 proelium
734 1636 825 1717 apud
852 1635 1051 1698 Bedriacum
1076 1633 1200 1697 milites
1219 1635 1377 1698 omnibus

175 1720 291 1817 modis
306 1754 473 1817 consolari
491 1753 665 1818 Othonem
682 1755 832 1829 student,
850 1755 1124 1817 demonstrantes
1136 1774 1171 1816 se
1183 1754 1227 1816 ad
1242 1755 1377 1835 quasvis

175 1892 287 1937 novas
311 1882 448 1955 paratos
471 1893 612 1955 pugnas

227 1992 321 2071 ,Nec
343 1992 547 2074 praetoriani
568 2000 712 2068 tanturn,
734 1995 889 2077 proprius
910 1992 1057 2057 Othonis
1078 1994 1183 2067 miles,
1204 1993 1263 2055 sed
1283 2013 1376 2075 prae-

178 2112 273 2175 missi
298 2134 317 2175 e
342 2112 472 2174 Moesia
496 2113 641 2175 eandem
666 2113 931 2176 obstinationem
956 2112 1174 2175 adventantis
1197 2113 1376 2188 exercitus

176 2230 332 2314 legiones
356 2231 552 2315 Aquileiam
577 2233 744 2314 ingressas
768 2231 980 2307 nuntiabant,
1007 2244 1043 2296 ut
1065 2254 1156 2296 nemo
1175 2233 1299 2296 dubitet
1317 2253 1376 2315 po·

178 2354 284 2415 tuisse
310 2352 464 2415 renovari
492 2352 617 2415 bellum
642 2373 671 2415 e.
685 2373 718 2436 q.
732 2352 791 2416 s.'’.

224 2473 344 2537 Verba
375 2486 412 2537 ut
442 2494 533 2536 nemo
563 2474 687 2537 dubitet
716 2481 788 2535 tum
813 2475 950 2536 demum
974 2474 1102 2555 aliquid
1127 2474 1376 2555 significabunt,

177 2614 256 2657 cum
290 2593 557 2657 intellexerimus
580 2593 634 2656 hic
658 2614 678 2656 a
703 2593 824 2657 Tacito
847 2593 922 2655 illos
946 2594 1081 2656 refutari
1106 2593 1295 2669 historicos,
1320 2596 1377 2676 qui

180 2714 370 2776 docuerunt
390 2721 469 2795 post
488 2733 638 2796 pugnam
657 2713 916 2775 Bedriacensem
934 2713 976 2775 de
990 2712 1137 2776 Othonis
1150 2733 1250 2777 causa
1263 2722 1376 2775 actum

180 2831 292 2907 luisse,
325 2852 471 2913 eumque
502 2832 727 2915 desperatione
752 2832 795 2895 ad
821 2840 966 2894 mortem
991 2832 1213 2914 compulsum.
1240 2832 1306 2914 Qui
1331 2832 1376 2895 illi

181 2950 333 3015 historici
358 2950 481 3014 suerint
505 2952 699 3033 ignoramus
708 2978 716 3027 ;
734 2952 847 3033 fuisse
870 2970 973 3013 unum
999 2951 1154 3034 pluresve
1180 2952 1243 3014 hoc
1268 2952 1376 3014 solum

178 3079 327 3136 constat.
364 3071 403 3134 ld
440 3091 505 3152 ego
537 3070 592 3133 hic
621 3079 762 3153 propter
794 3070 1046 3132 Mommsenum
1079 3090 1212 3145 moneo,
1245 3072 1301 3152 qui
1334 3072 1377 3133 de

176 3190 411 3273 discrepantia
442 3190 658 3254 Plutarchum
688 3191 776 3252 inter
800 3189 1036 3270 Tacitumque,
1061 3188 1208 3253 Othonis
1232 3199 1376 3251 mortem

170 3318 369 3385 narrantes,
394 3310 441 3373 sic
467 3310 535 3372 lere
561 3310 763 3391 disputavit:

231 3428 456 3509 ,Plutarchus
496 3435 609 3490 narrat
643 3427 729 3491 nulli
761 3427 891 3509 proelio
925 3427 1071 3490 adfuisse
1108 3427 1281 3491 Othonem
1317 3429 1376 3489 sed

161 3542 312 3614 Brixilli
334 3567 411 3610 eum
431 3547 631 3610 remansisse
652 3549 692 3628 (c.
707 3545 768 3627 V);
789 3546 958 3609 transiisse
979 3567 1055 3608 eum
1078 3547 1277 3608 Bedriacum
1298 3555 1377 3608 ante

153 3684 333 3752 pugnam
355 3676 392 3730 ut
411 3667 588 3729 consilium
606 3666 747 3728 haberet
765 3664 909 3728 militare
925 3668 965 3748 (c.
981 3667 1090 3747 VIII),
1107 3667 1185 3728 inde
1203 3664 1376 3728 Brixillum

146 3788 321 3855 rediisse
346 3788 388 3867 (e.
413 3785 472 3868 X);
499 3793 577 3868 post
601 3805 750 3867 pugnarn
770 3785 844 3866 ipso
865 3786 1007 3848 absente
1027 3785 1060 3847 in
1081 3785 1222 3848 consilio
1243 3786 1377 3848 militari

144 3908 215 3973 de
259 3926 364 3970 causa
395 3904 592 3969 Othoniana
622 3905 813 3967 omittenda
845 3906 1019 3967 decretum
1052 3904 1188 3967 sactum.
1221 3906 1378 3987 Denique

142 4022 368 4099 Othonem,
387 4023 431 4086 de
450 4024 548 4088 clade
567 4024 745 4086 certiorem
765 4022 902 4097 lactum,
921 4025 1076 4105 quamvis
1094 4025 1127 4085 in
1145 4024 1211 4086 fide
1229 4033 1378 4105 perstare

146 4148 307 4212 milites
339 4143 481 4219 videret,
513 4142 715 4225 abrumpere
747 4143 853 4204 vitam
885 4162 979 4204 suam
1010 4143 1166 4205 statuisse
1195 4156 1231 4207 ut
1257 4145 1381 4207 civibus

138 4274 353 4340 parceret:
371 4260 492 4339 βιώσας
511 4261 593 4326 οὐδὲν
615 4260 837 4333 ἐπιεικέστερον
850 4260 984 4340 Νέρωνος
999 4261 1150 4326 ἀπέθανεν
1165 4262 1379 4343 εὐγενέστερον

152 4378 251 4471 ipse
278 4384 480 4449 Plutarchus
503 4385 561 4448 ait.
