3210 5274
1012 398 1072 478 158

439 577 674 660 tissimumque
697 586 732 641 et
752 577 973 641 fortissimum
994 576 1172 641 consilium
1194 576 1259 639 isto
1278 574 1416 638 ambitio
1437 573 1471 636 in
1493 572 1582 636 dede

440 699 620 762 convertit.

487 819 548 893 VI,
571 820 626 897 48.
658 816 729 881 Sub
762 817 864 880 finem
893 817 1021 881 Tiberii
1049 816 1236 880 maiestatis
1260 822 1466 878 accusantur
1489 812 1551 877 Cn.
1587 818 1600 869 Ι

443 940 566 1013 mitius,
592 938 714 1001 Vibius
739 938 881 1013 Marsus
905 938 946 1000 L.
972 937 1164 1011 Arruntius,
1190 956 1337 1018 quorum
1362 934 1540 997 Domitius
1560 932 1605 994 M

441 1078 575 1139 susque,
601 1057 762 1138 quoniam
786 1056 870 1120 levis
894 1059 1063 1139 quaedam
1088 1056 1191 1119 ctiam
1218 1063 1270 1118 est
1290 1074 1370 1137 spes
1391 1054 1522 1130 salutis,
1544 1054 1576 1114 vi
1598 1096 1603 1106 ,

442 1178 647 1260 producunt,
671 1175 854 1239 Arruntius
879 1197 991 1240 moras
1016 1184 1152 1239 nectere
1178 1195 1246 1239 non
1271 1173 1361 1237 vult:
1388 1173 1469 1236 forti
1491 1172 1598 1236 claro·

443 1298 516 1359 viro
548 1296 724 1379 indignum
757 1296 838 1359 illud
870 1297 1008 1371 iudicat,
1042 1304 1086 1371 et,
1120 1296 1213 1377 quod
1238 1295 1347 1358 maius
1371 1295 1479 1357 etiam
1505 1294 1600 1356 videt

445 1416 545 1499 plane
570 1416 705 1492 inutile;
731 1416 890 1498 denique,
916 1417 1049 1480 etiamsi
1075 1417 1192 1499 prosit,
1217 1416 1250 1478 in
1276 1416 1380 1478 breve
1405 1423 1602 1477 tantummo

444 1547 580 1619 tempus
604 1538 766 1620 prodesse
792 1557 891 1620 posse
917 1537 1062 1600 iudicat:

494 1656 602 1735 ,Sane
622 1677 748 1738 paucos
770 1665 804 1718 et
824 1676 1001 1739 supremos
1021 1656 1183 1739 principis
1204 1655 1277 1719 dics
1298 1674 1399 1737 posse
1416 1654 1534 1717 vitari:
1548 1674 1605 1735 qu

445 1778 488 1841 ad
510 1778 650 1840 modum
672 1797 851 1840 evasurum
872 1777 1082 1840 imminentis
1102 1773 1296 1839 iuventam?
1316 1774 1385 1849 An,
1400 1795 1480 1837 cum
1494 1773 1582 1836 Tibe

448 1906 525 1980 post
545 1906 676 1960 tantam
697 1896 945 1978 experientiam
965 1897 1002 1960 vi
1019 1895 1252 1960 dominationis
1271 1894 1447 1958 convulsus
1461 1905 1597 1958 etmuta

446 2020 500 2091 sit,
533 2017 570 2080 C.
603 2016 784 2080 Caesarem
815 2018 872 2079 vix
904 2015 1000 2080 finita
1032 2015 1186 2098 pueritia,
1220 2015 1375 2097 ignarum
1408 2014 1565 2077 omnium
1600 2056 1604 2067 .

448 2137 602 2218 pessimis
626 2137 837 2210 innutritum,
864 2136 1004 2199 meliora
1028 2135 1274 2217 capessiturum
1286 2132 1318 2196 ?”

496 2255 561 2317 Hic
593 2255 784 2330 Arruntius,
809 2274 1017 2336 quamquam
1042 2275 1084 2317 ne
1108 2255 1181 2337 ipse
1205 2254 1345 2336 quidem
1371 2251 1450 2328 ulla,
1475 2252 1532 2315 vel
1557 2253 1587 2314 lc

449 2376 545 2450 sima,
577 2375 677 2438 laude
706 2375 882 2437 Tiberium
906 2374 1049 2456 dignum
1072 2382 1199 2449 censet,
1224 2382 1337 2436 tamen
1365 2373 1449 2434 vitia
1473 2373 1547 2434 eius
1571 2392 1593 2453 q

451 2496 554 2559 modo
579 2503 658 2557 nata
682 2496 750 2557 sint
775 2494 946 2577 explicare
970 2495 1095 2557 studet.
1122 2492 1199 2576 Quo
1220 2493 1327 2575 magis
1348 2494 1472 2555 mirum
1492 2491 1593 2554 Tacit

449 2615 560 2697 ipsum
593 2634 766 2696 nunquam
791 2634 833 2676 eo
857 2633 930 2676 esse
954 2613 1141 2676 adductum
1167 2620 1204 2675 ut
1228 2613 1424 2694 inquireret,
1449 2632 1539 2694 quae
1564 2633 1582 2674 e

450 2743 566 2798 tantae
601 2734 779 2816 pravitatis
813 2741 916 2815 atque
948 2734 1035 2795 adeo
1068 2732 1290 2795 immanitatis
1323 2732 1419 2806 ratio,
1453 2751 1522 2813 qua
1555 2751 1598 2793 no

451 2854 664 2916 laborantem
690 2853 865 2916 Tiberium
891 2852 1056 2935 depingit.
1083 2851 1145 2915 Est
1169 2850 1199 2915 ci
1225 2850 1382 2915 Tiberius
1405 2853 1560 2914 omnium
1585 2850 1605 2913 s2

454 2974 613 3036 vitiorum
646 2972 915 3055 receptaculum:
948 2993 1014 3053 qua
1048 2972 1103 3034 via
1133 2970 1190 3033 illa
1221 2971 1255 3033 in
1278 2971 1429 3033 animum
1455 2971 1529 3032 eius
1552 2971 1605 3033 irr

454 3094 559 3155 serint
590 3093 767 3174 explorare
795 3092 1005 3174 supersedet.
1030 3090 1143 3153 Ceteri
1167 3090 1323 3153 homines
1346 3089 1555 3153 facinoribus
1578 3110 1594 3151 s

455 3213 610 3294 quamvis
634 3213 715 3274 diris
738 3221 841 3293 atque
862 3210 1020 3284 cruentis,
1041 3217 1157 3272 tamen
1177 3229 1312 3292 semper
1331 3217 1489 3291 spectant
1509 3209 1603 3292 aliqu

456 3339 513 3392 aut
545 3331 763 3393 commodum
796 3329 1003 3410 lucrumque,
1036 3337 1105 3403 aut,
1130 3330 1157 3391 si
1182 3349 1225 3391 ne
1250 3328 1331 3392 illud
1356 3330 1508 3410 quidem,
1534 3329 1600 3393 salt

455 3449 637 3524 ultionem;
663 3458 697 3511 at
722 3468 807 3530 quos
830 3448 969 3510 Tacitus
993 3448 1135 3510 odit-
1158 3456 1193 3510 et
1218 3448 1393 3511 incorum
1419 3469 1564 3511 numero

455 3569 651 3649 primarium
683 3566 795 3630 locum
819 3575 914 3629 tenet
938 3566 1095 3629 Tiberius
1117 3603 1161 3612 -
1185 3567 1386 3631 crudelitate
1410 3588 1470 3631 sua
1494 3569 1554 3631 uni
1580 3570 1603 3632 h

456 3688 502 3748 rei
535 3688 616 3749 dare
644 3706 784 3768 operam
810 3686 986 3748 videntur:
1012 3695 1049 3747 ut
1073 3686 1141 3748 sint
1165 3706 1268 3767 quam
1292 3688 1526 3751 crudelissimi.
1553 3690 1601 3752 Er

457 3815 638 3887 postquam
670 3806 713 3867 de
742 3805 906 3868 Arruntio
931 3805 1079 3868 narravit
1103 3813 1277 3888 utcunque
1300 3807 1364 3870 sibi
1388 3807 1531 3890 aliisque
1557 3831 1605 3873 ra=

457 3946 535 3987 nem
560 3927 726 3988 reddente
750 3925 832 4006 quid
852 3923 979 3986 Tiberii
1002 3944 1112 3986 mores
1133 3926 1221 3988 adeo
1241 3927 1430 4009 corruperit
1450 3936 1486 3990 et
1507 3949 1586 4011 pess

458 4045 602 4119 dederit,
623 4045 826 4126 simulatque
846 4043 914 4105 suis
933 4043 1038 4106 utitur
1059 4043 1172 4106 verbis
1191 4045 1234 4108 ad
1255 4066 1351 4108 suum
1369 4047 1459 4110 redit
1472 4047 1589 4131 ingeni

458 4163 655 4245 Tiberiique
687 4184 762 4226 eam
795 4163 950 4245 depingit
978 4162 1172 4244 imaginem,
1203 4164 1237 4227 in
1269 4186 1338 4247 qua
1373 4169 1605 4252 ,psychologi

460 4305 501 4345 ne
527 4284 696 4346 levissima
721 4285 859 4364 quidem
884 4292 1087 4365 agnoscatur
1113 4285 1248 4347 umbra:

508 4403 661 4480 ,Morum
687 4423 824 4483 quoque
848 4411 1004 4484 tempora
1028 4402 1073 4463 illi
1096 4403 1245 4468 diversa:
1267 4407 1442 4488 egregium
1464 4408 1536 4471 vita
1555 4408 1589 4472 sa
