3292 5280
756 364 815 430 172

232 525 274 587 Α.
301 524 361 598 lV,
392 543 439 588 12.
474 528 511 589 ln
544 527 659 590 sunere
692 529 791 591 Drusi
825 529 971 612 populus
1000 530 1161 610 gaudium
1192 550 1291 593 suum
1324 533 1379 594 vix

187 645 422 709 dissimulabat
454 649 545 728 quod
578 647 665 710 illius
696 648 826 711 iuvenis
859 657 968 711 morte
999 669 1078 731 spes
1108 659 1198 712 esset
1222 659 1341 713 renata
1363 673 1382 712 e

188 764 380 828 Germanici
414 765 527 828 liberis
558 767 705 849 aliquem
739 767 808 831 iore
834 769 1086 851 imperatorem.
1112 768 1189 830 Hoc
1214 770 1325 851 ipsum
1349 779 1382 832 et
1464 756 1470 769 ¹

188 884 251 947 illis
275 891 310 945 et
335 886 432 946 matri
458 884 670 967 Agrippinae
695 885 863 950 funestum
890 886 968 949 suit:

237 1003 344 1082 ,Nam
378 1004 529 1079 Seianus,
561 1006 617 1067 ubi
646 1005 740 1068 videt
766 1015 910 1068 mortem
936 1006 1035 1069 Drusi
1062 1006 1205 1070 inultam
1230 1008 1384 1071 interiec-

188 1122 328 1203 toribuS,
359 1123 431 1185 sine
463 1144 614 1186 maerore
646 1124 783 1205 publico
815 1145 899 1199 esse,
933 1125 1028 1188 ferox
1056 1126 1221 1189 scelerum
1246 1136 1281 1189 et
1306 1128 1383 1208 quia

188 1243 296 1324 prima
315 1228 558 1322 provenerant,
582 1243 734 1307 volutare
758 1264 872 1307 secum
893 1265 1041 1326 quonam
1064 1247 1167 1308 modo
1190 1246 1381 1310 Germanici

187 1361 310 1424 liberos
335 1369 554 1442 perverteret,
580 1382 723 1443 quorum
749 1383 815 1425 non
842 1363 946 1427 dubia
969 1363 1170 1427 successio.’'

232 1479 322 1544 Sana
354 1481 437 1543 haec
469 1501 541 1542 esse
574 1490 763 1563 nequeunt:
789 1485 897 1566 ferox
926 1483 1033 1546 animi
1061 1483 1143 1564 quid
1173 1485 1218 1547 sit
1242 1486 1322 1548 novi
1347 1495 1381 1549 et

183 1603 291 1684 ferox
320 1600 511 1682 lingueret
535 1600 666 1675 similia,
690 1601 749 1663 sed
774 1622 792 1662 e
816 1602 957 1664 vocibus
973 1605 1081 1686 ferox
1104 1602 1263 1666 scelerum
1291 1605 1381 1667 nullo

189 1722 292 1782 modo
322 1727 422 1801 aptus
452 1721 594 1782 extundi
626 1741 742 1783 sensus
774 1722 910 1803 poterit.
935 1720 988 1783 Ne
1012 1722 1039 1783 si
1063 1723 1228 1785 sermonis
1252 1723 1383 1805 legibus

188 1841 256 1903 vim
294 1839 433 1902 facimus
468 1840 649 1902 immanem
685 1841 834 1921 quidem,
870 1841 1081 1922 dicimusque
1116 1841 1238 1903 eodem
1274 1843 1383 1905 redire

188 1962 295 2043 feror
314 1960 471 2023 scelerum
492 1969 526 2022 et
540 1962 647 2043 ferox
666 1961 849 2034 sceleribus,
871 1961 1057 2042 quidquam
1079 1960 1284 2043 proficimus
1300 1983 1383 2043 quo·

189 2080 278 2141 niam
300 2080 404 2142 verba
417 2082 525 2163 ferox
540 2080 713 2143 sceleribus
726 2079 899 2143 hominem
913 2080 1092 2162 designant
1106 2080 1186 2163 ipsis
1200 2080 1383 2143 sceleribus

187 2200 350 2261 audacem
377 2198 502 2262 factum
527 2199 547 2259 i.
561 2220 590 2261 e.
615 2199 787 2261 hominem
808 2199 865 2281 qui
886 2207 1026 2281 propter
1046 2199 1195 2281 priorum
1215 2199 1381 2262 scelerum

186 2339 377 2382 successum
403 2317 484 2381 nihil
506 2320 571 2381 iam
593 2317 804 2380 reformidat:
826 2319 918 2398 quod
939 2338 1074 2399 prorsus
1094 2318 1185 2380 idem
1207 2328 1259 2380 est
1279 2327 1381 2400 atque

188 2439 268 2501 illud
301 2440 393 2521 quod
425 2439 587 2501 continuo
619 2438 787 2519 sequitur:
818 2438 897 2518 quia
922 2438 1040 2519 prima
1065 2450 1302 2521 propulerant.
1331 2437 1381 2499 At

188 2579 255 2622 non
289 2579 354 2620 una
385 2559 444 2620 sed
476 2559 562 2621 duae
594 2577 714 2620 causae
739 2558 792 2620 hic
817 2557 1011 2631 afferuntur,
1037 2557 1160 2639 quibus
1183 2558 1226 2621 ad
1253 2578 1379 2620 novum

187 2678 314 2741 facinus
348 2679 515 2740 adductus
550 2678 593 2739 sit
629 2676 780 2739 Seianus
818 2676 889 2738 Eae
923 2686 1038 2740 autem
1074 2686 1169 2739 sunt:
1207 2697 1381 2739 successus

186 2799 335 2880 priorum
367 2796 530 2858 scelerum
563 2805 597 2858 et
718 2796 799 2876 quid
826 2794 944 2878 putas?
969 2796 1088 2878 lpsiuS,
1113 2804 1149 2858 ut
1174 2797 1308 2878 opinor,
1334 2798 1381 2858 in—

186 2917 339 2998 genium:
373 2916 470 2978 huius
502 2916 618 2996 utique
651 2913 804 2977 iacienda
832 2914 886 2977 hic
911 2915 1049 2988 mentio,
1075 2915 1158 2978 haec
1183 2915 1256 2977 sola
1281 2935 1381 2977 causa

185 3056 261 3097 cum
294 3035 400 3096 altera
432 3034 488 3095 illa
512 3041 603 3095 recte
628 3033 718 3113 iungi
744 3042 867 3115 potest.
894 3033 1105 3095 Habebimus
1129 3033 1204 3108 hoc,
1230 3035 1257 3095 si
1284 3033 1381 3096 lenis·

184 3156 269 3216 sima
293 3154 541 3236 emendatione
554 3173 615 3235 pro
629 3155 737 3236 ferox
757 3152 937 3233 legerimus
950 3155 1077 3236 ferum
1099 3153 1264 3215 scelerum
1286 3153 1381 3216 ferax

185 3282 257 3335 erat
282 3272 433 3346 Seianus,
458 3272 647 3353 comparari
673 3279 807 3352 poterat
828 3291 903 3333 cum
925 3292 1017 3352 agr0,
1039 3273 1072 3334 in
1093 3292 1162 3353 quo
1182 3293 1285 3336 omne
1306 3272 1381 3335 her·

187 3391 305 3453 barum
332 3391 526 3454 nocentium
550 3411 656 3472 genus
680 3399 803 3472 sponte
828 3391 1016 3472 proveniat.

231 3631 274 3693 A.
307 3631 367 3705 IV,
402 3645 452 3710 35.
486 3629 676 3693 Cremutius
711 3629 851 3703 Cordus,
887 3639 1062 3693 accusatus
1093 3631 1185 3712 quod
1219 3631 1252 3693 in
1287 3631 1379 3694 libris

185 3751 253 3813 suis
284 3751 423 3811 Brutum
448 3749 667 3830 Cassiumque
693 3749 872 3823 laudasset,
898 3749 1001 3811 vitam
1027 3750 1234 3813 abstinentia
1259 3750 1379 3814 finivit.

187 3869 309 3931 Libros
339 3869 409 3930 eius
435 3869 634 3930 cremandos
658 3876 877 3930 censuerunt:
903 3867 1033 3943 frustra,
1059 3889 1135 3931 nam
1161 3870 1264 3931 etiam
1291 3891 1379 3933 nunc

185 3988 287 4070 vulgo
313 3988 485 4069 leguntur:

234 4107 329 4188 „Quo
359 4108 465 4188 magis
488 4107 678 4169 socordiam
704 4126 819 4168 eorum
845 4106 983 4168 irridere
1007 4106 1100 4180 libet,
1125 4107 1182 4188 qui
1209 4107 1378 4188 praesenti

185 4228 339 4310 potentia
364 4228 505 4289 credunt
530 4227 682 4307 extingui
708 4247 807 4308 posse
832 4227 935 4288 etiam
958 4225 1132 4306 sequentis
1154 4226 1230 4288 aevi
1252 4246 1378 4288 memo·

185 4349 278 4410 riam.
323 4348 411 4408 Nam
443 4356 560 4408 contra
592 4346 718 4427 punitis
743 4346 884 4426 ingeniis
907 4345 1017 4426 gliscit
1042 4345 1242 4420 auctoritas;
1269 4365 1377 4426 neque
