3210 5274
784 1422 827 1486 X.

251 1645 324 1709 lam
348 1647 381 1709 in
407 1648 626 1730 praecedenti
651 1648 764 1730 capite
784 1669 888 1711 unum
909 1658 943 1712 et
962 1649 1106 1712 alterum
1126 1650 1270 1712 tractavi
1290 1649 1401 1712 locum

201 1763 261 1847 (Α.
292 1764 355 1841 IV,
383 1767 445 1844 483
476 1767 520 1829 H.
552 1768 613 1843 111,
640 1783 679 1848 23
705 1776 740 1830 et
766 1768 829 1850 25),
862 1769 919 1831 ubi
952 1770 995 1832 ad
1026 1769 1251 1832 obtinendum
1283 1789 1401 1831 sanum

200 1904 351 1960 sensum,
383 1887 441 1967 qui
471 1886 600 1949 latebat
632 1887 747 1962 etiam,
778 1888 859 1951 satis
892 1896 965 1950 erat
996 1889 1061 1950 alia
1093 1889 1140 1950 uti
1173 1888 1401 1950 distinctione.

203 2003 305 2066 Nunc
329 2004 501 2087 paulisper
523 2006 556 2068 in
582 2007 704 2069 eodem
729 2027 853 2087 genere
873 2007 1066 2081 subsistam,
1087 2014 1121 2068 et
1141 2007 1402 2087 transponendis

201 2123 343 2205 virgulis
366 2124 482 2187 aliisve
507 2126 782 2189 distinctionibus
806 2125 915 2188 lucem
936 2126 1055 2188 afferre
1075 2125 1226 2188 conabor
1247 2126 1329 2187 locis
1349 2126 1402 2190 vel

204 2243 359 2306 obscuris
379 2244 434 2307 vel
454 2266 552 2308 sensu
574 2246 693 2320 cassis;
715 2245 915 2327 plerumque
934 2253 1049 2306 tamen
1068 2242 1134 2306 leni
1154 2244 1217 2306 hac
1234 2245 1403 2309 medicina

204 2380 275 2424 non
306 2363 420 2444 gravis
449 2362 571 2445 aliquis
601 2363 740 2427 tolletur
770 2362 917 2437 morbus,
942 2364 1001 2426 sed
1025 2363 1186 2427 Taciteus
1209 2366 1403 2428 restituetur

205 2480 300 2543 color
324 2482 510 2564 solitusque
534 2482 696 2545 Taciteae
720 2482 814 2545 vocis
838 2503 949 2544 sonus.

250 2599 343 2663 Ann.
368 2601 428 2676 XI,
459 2616 507 2682 15.
532 2600 693 2683 Queritur
716 2602 876 2666 Claudius
900 2603 992 2685 quod
1016 2601 1205 2685 negligatur
1228 2623 1281 2666 ars
1305 2604 1402 2667 haru-

205 2721 346 2803 spicina,
372 2740 460 2802 quae
482 2740 585 2803 saepe
609 2720 817 2804 reipublicae
841 2729 1021 2804 tantopere
1043 2721 1223 2804 prosuerit;

253 2839 318 2920 ,Et
342 2839 431 2903 laeta
454 2841 594 2921 quidem
615 2841 649 2903 in
670 2860 830 2923 praesens
850 2841 974 2916 omnia,
995 2842 1056 2904 sed
1076 2842 1279 2923 benignitati
1300 2843 1402 2906 deum

204 2960 349 3042 gratiam
381 2958 604 3035 referendam,
637 2980 679 3022 ne
710 2961 793 3023 ritus
822 2980 994 3023 sacrorum
1024 2961 1111 3023 inter
1138 2963 1297 3044 ambigua
1321 2963 1403 3027 culti

206 3098 266 3160 per
292 3098 455 3161 prospera
479 3077 788 3141 oblitterarentur”.

250 3197 464 3261 Structuram
494 3199 674 3261 verborum
703 3198 890 3261 admodum
914 3199 1115 3280 impeditam
1139 3201 1187 3261 sic
1210 3202 1402 3284 supplendo

206 3317 355 3399 explicat
377 3317 623 3400 Nipperdeius:
649 3317 811 3399 ,gratiam
832 3315 1042 3379 referendam
1064 3317 1307 3400 (impediendo)
1328 3318 1402 3383 ne’'.

207 3436 275 3501 Sed
300 3438 376 3518 quis
400 3456 552 3519 unquam
576 3438 741 3499 eiusmodi
766 3436 894 3517 aliquid
919 3436 1046 3498 omittit
1070 3444 1105 3498 et
1124 3437 1270 3499 acumini
1290 3436 1403 3519 legen-

206 3557 290 3620 tium
330 3557 575 3620 inveniendum
613 3554 795 3637 relinquit?
831 3553 921 3636 Quid
957 3557 1049 3636 quod
1086 3576 1128 3617 ne
1163 3558 1403 3639 supplemento

208 3678 347 3758 quidem
372 3675 429 3738 illo
454 3676 602 3738 nascitur
626 3674 752 3756 aliquid
778 3675 869 3754 quod
890 3692 1025 3736 sensum
1046 3674 1209 3755 praebeat
1228 3675 1306 3738 huic
1327 3676 1403 3741 loco

208 3796 381 3859 idoneum.
417 3794 473 3859 Sic
509 3795 599 3857 enim
635 3793 716 3857 illud
754 3793 1011 3855 ratiocinantem
1044 3795 1174 3857 inducit
1206 3794 1403 3860 Claudium:

211 3936 318 3996 ,nunc
343 3915 482 3996 quidem
507 3915 597 3977 laeta
620 3921 698 3975 sunt
723 3911 837 3973 omnia
860 3911 936 3993 (nec
960 3911 1175 3994 haruspicina
1200 3915 1299 3978 nobis
1319 3937 1406 4000 opus

207 4038 279 4116 est),
303 4035 365 4098 sed
384 4033 448 4096 diis
471 4034 597 4115 gratias
620 4032 804 4094 reseramus
828 4031 982 4093 cavendo
1008 4052 1049 4093 ne
1071 4032 1286 4116 haruspicina
1305 4036 1406 4098 oblit-

207 4152 367 4218 teretur”.
395 4153 505 4215 Multo
529 4153 662 4226 rectius,
690 4159 726 4213 ut
750 4150 882 4232 opinor,
907 4149 972 4211 hoc
992 4148 1096 4213 soret:
1122 4155 1294 4233 „quoniam
1316 4175 1405 4217 nunc

209 4274 420 4356 benignitate
452 4272 594 4335 deorum
627 4270 841 4352 haruspicina
873 4269 970 4331 nobis
1002 4289 1087 4351 opus
1121 4291 1189 4333 non
1222 4281 1283 4348 est,
1315 4286 1407 4338 tanto

207 4394 314 4475 magis
345 4410 492 4472 aequum
522 4399 573 4452 est
604 4409 665 4451 nos
692 4388 818 4469 gratias
842 4387 882 4449 iis
906 4386 1029 4449 referre
1054 4390 1209 4453 cavendo
1235 4412 1263 4453 e.
1288 4413 1321 4473 q.
1347 4393 1406 4455 s.”.
