3292 5280
797 1277 857 1341 IX.

273 1501 385 1584 Agam
420 1524 509 1566 nunc
544 1504 586 1566 de
621 1503 704 1567 locis
740 1503 954 1586 quibusdam,
986 1501 1044 1564 ubi
1074 1500 1119 1564 ab
1150 1520 1220 1563 uno
1252 1501 1431 1564 vocabulo

227 1623 378 1703 pendent
403 1624 526 1697 omnia,
551 1624 645 1687 cuius
669 1644 750 1686 vero
774 1645 873 1686 sensu
894 1643 962 1686 non
984 1629 1142 1685 accurate
1162 1630 1351 1702 perspecto
1371 1629 1432 1684 aut

227 1743 348 1804 iniuria
382 1743 425 1805 sit
461 1744 630 1807 interdum
665 1744 846 1807 sollicitata
882 1744 984 1807 lectio
1019 1743 1145 1804 tradita
1175 1749 1235 1804 aut
1269 1762 1431 1824 perversa

234 1863 409 1944 proposita
432 1865 637 1946 coniectura,
658 1873 716 1926 aut
736 1884 855 1946 parum
875 1863 1086 1926 intellectum
1105 1861 1216 1924 Taciti
1237 1861 1432 1937 consilium,

233 1983 381 2065 denique
405 1983 525 2066 aliquis
549 1984 654 2047 levior
678 1985 855 2066 graviorve
876 1984 1074 2047 commissus
1095 2001 1203 2086 error5
1226 1979 1430 2063 plerumque

231 2110 346 2165 tamen
377 2103 431 2165 hic
464 2103 667 2166 coniecturis
699 2103 902 2184 quibusdam
935 2101 1127 2165 refellendis
1159 2099 1250 2162 dabo
1275 2119 1428 2181 operam,

232 2242 318 2302 quae
352 2223 432 2284 mihi
465 2233 523 2285 aut
547 2224 725 2285 videantur
750 2222 884 2286 inutiles
908 2231 966 2284 aut
990 2221 1024 2283 id
1048 2221 1081 2283 in
1106 2228 1239 2282 textum
1264 2218 1428 2281 inducere

231 2342 323 2420 quod
350 2341 493 2403 noluerit
518 2341 666 2404 Tacitus

275 2459 366 2521 Ann.
393 2459 451 2533 XI,
478 2477 507 2521 2.
537 2461 676 2542 „Neque
701 2461 781 2524 data
805 2469 941 2524 senatus
965 2461 1065 2543 copia
1085 2460 1141 2542 (sc.
1164 2458 1305 2522 Valerio
1326 2458 1424 2521 Asia·

229 2579 309 2653 tico,
331 2579 364 2641 in
385 2599 486 2660 quem
508 2578 769 2643 calumniatores
792 2582 978 2643 immiserat
999 2579 1181 2643 Messalina
1199 2588 1236 2642 et
1256 2580 1342 2642 irata
1363 2579 1424 2661 ipsi

229 2707 263 2758 et
295 2698 402 2760 hortis
433 2699 504 2760 eius
536 2699 696 2781 inhians):
729 2702 817 2762 intra
850 2699 1042 2763 cubiculum
1072 2698 1218 2774 auditur,
1243 2697 1425 2761 Messalina

230 2837 355 2892 coram,
377 2828 411 2880 et
433 2817 550 2882 Suillio
571 2821 823 2901 corruptionem
839 2819 993 2894 militum,
1007 2838 1093 2900 quos
1104 2819 1249 2901 pecunia
1260 2827 1296 2880 et
1308 2827 1426 2900 stupro

229 2937 263 2998 in
284 2938 373 3000 onzni
381 2938 520 3022 flagitio
540 2938 722 3001 obstrictos
735 2939 910 3021 arguebat,
924 2940 1002 3001 exin
1015 2938 1219 3001 adulterium
1231 2937 1424 3020 Poppaeae,

228 3065 402 3138 postremo
428 3057 603 3119 mollitiam
628 3058 779 3140 corporis
803 3055 1031 3120 obiectante.”

273 3173 328 3238 Sic
361 3175 552 3250 Mediceus;
579 3178 738 3258 recipitur
763 3178 962 3260 plerumque
988 3177 1144 3239 Rhenani
1168 3177 1368 3240 coniectura
1390 3179 1423 3239 in

227 3315 319 3356 omm
343 3295 530 3379 flagitium,
563 3299 692 3372 iniuria,
720 3307 755 3360 ut
780 3298 861 3360 mihi
887 3299 1029 3361 videtur.
1056 3298 1134 3360 Non
1159 3297 1250 3359 enim
1275 3297 1331 3359 hic
1354 3298 1423 3379 agi·

226 3421 281 3474 tur
313 3415 355 3475 de
386 3413 500 3495 aliquo
533 3415 659 3478 Valerii
690 3416 840 3491 consilio,
873 3418 965 3480 cuius
994 3437 1094 3479 causa
1126 3415 1250 3478 milites
1278 3415 1334 3478 ille
1363 3416 1422 3479 ob·

225 3533 408 3608 strinxerit,
430 3536 489 3596 sed
511 3536 553 3596 de
572 3536 761 3610 condicione,
781 3537 814 3598 in
832 3557 933 3617 quam
948 3536 1070 3598 milites
1083 3536 1264 3599 adduxerit
1277 3536 1423 3617 pecunia

224 3654 410 3734 scortisque
431 3654 644 3735 praebendis
669 3655 713 3716 Et
734 3656 791 3735 qui
812 3655 892 3717 illud
911 3655 944 3717 in
964 3675 1055 3717 omne
1064 3655 1240 3738 flagitium
1262 3655 1421 3736 probant,

224 3772 267 3833 de
300 3771 447 3833 facinore
480 3771 594 3853 aliquo
627 3771 703 3834 forti
736 3782 769 3835 et
803 3772 1001 3855 periculos0‚
1034 3773 1126 3854 quod
1155 3792 1231 3834 cum
1257 3772 1422 3836 militibus

224 3891 292 3952 suis
324 3899 518 3971 perpetrare
552 3891 695 3953 voluerit
727 3892 893 3966 ValeriuS,
925 3893 1074 3972 cogitare
1107 3891 1274 3966 videntur,
1299 3912 1422 3956 cume

225 4009 395 4072 contrario
421 4029 489 4070 vox
512 4009 568 4072 illa
592 4010 759 4073 ›nollitiem
784 4011 896 4092 potius
919 4009 1085 4091 significat
1111 4018 1144 4071 et
1169 4009 1326 4091 quamvis
1347 4031 1423 4093 pra·

224 4131 376 4203 vitatem,
398 4149 484 4210 quae
505 4130 660 4210 neglecta
680 4131 857 4211 disciplina
878 4130 1013 4191 militari
1033 4130 1066 4191 in
1087 4129 1236 4191 exercitu
1257 4129 1423 4192 exsistere

222 4249 340 4310 soleat.
375 4247 474 4308 Hunc
500 4267 647 4310 errorem
672 4251 813 4311 evitavit
838 4250 905 4311 Dio
931 4248 1004 4323 LX,
1031 4264 1081 4330 29,
1107 4249 1163 4328 qui
1189 4249 1232 4309 de
1257 4248 1423 4312 militibus

222 4368 265 4428 ad
298 4365 545 4447 impudicitiam
572 4387 592 4428 a
616 4369 701 4430 duce
727 4369 880 4450 pellectis
903 4368 958 4430 hic
982 4367 1036 4448 agi
1061 4368 1205 4449 putavit,
1229 4368 1289 4429 sed
1315 4368 1423 4430 alium
