3210 5274
807 373 850 455 89

205 568 291 627 ,nec
324 547 459 624 referre,
494 548 670 613 Vitellium
695 572 738 614 an
763 550 937 615 Othonem
960 554 1177 635 superstitem
1202 553 1335 617 fortuna
1360 553 1406 616 sa·

201 667 333 729 ceret”.
365 667 433 731 Cur
464 688 545 751 ergo
568 668 645 733 belli
666 671 792 733 exitum
817 671 1086 754 exspectandum
1110 671 1293 734 censeant?
1318 672 1406 734 Nam

201 785 260 848 ille
282 785 483 849 alterutrum
501 786 602 851 saciet
622 789 799 851 victorem.
818 789 918 852 Nova
936 810 1017 871 ergo
1035 791 1205 853 sententia
1224 790 1277 852 vel
1295 791 1407 853 verbis

201 904 365 968 bellorum
397 905 544 970 civilium
577 907 632 970 vel
660 907 736 970 bellz¹
758 907 867 971 civilis
890 909 1020 990 incipit.
1045 908 1292 990 Quamcunque
1317 910 1406 971 enim

202 1024 390 1105 recipimus
414 1024 607 1101 lectionem,
633 1026 755 1089 eadem
776 1027 891 1090 evadit
911 1028 1090 1101 sententia,
1112 1047 1199 1109 quae
1220 1047 1344 1091 verane
1364 1047 1407 1089 an

202 1141 290 1205 falsa
313 1143 358 1205 sit
383 1163 472 1205 nunc
497 1164 565 1207 non
591 1145 741 1227 disputo.

252 1261 297 1325 H.
323 1263 366 1336 ΙΙ,
397 1264 444 1326 16.
480 1263 637 1328 Pacarius
667 1265 825 1346 Corsicae
857 1274 1056 1349 procurator
1085 1268 1118 1328 in
1149 1266 1253 1329 verba
1277 1266 1407 1329 Vitellii

203 1383 317 1444 iurare
349 1382 486 1458 incolas,
515 1384 636 1446 occisis
660 1385 699 1447 iis
723 1384 780 1465 qui
806 1385 961 1447 resistere
987 1384 1124 1458 audent,
1149 1368 1251 1465 cogit.
1278 1384 1325 1447 At
1350 1385 1407 1446 ubi

204 1500 289 1563 belli
325 1502 545 1565 incommoda
579 1504 771 1567 sentiuntur
803 1513 836 1566 et
867 1524 970 1584 quam
1004 1524 1111 1586 prope
1141 1503 1230 1567 absit
1262 1502 1409 1566 Othonis

204 1620 324 1683 classis
337 1629 521 1703 reputatur,
537 1622 715 1703 poenitere
727 1624 819 1685 cives
833 1623 932 1684 nimis
945 1621 1092 1685 festinati
1107 1621 1260 1703 obsequii
1273 1622 1409 1703 incipit:

255 1739 322 1818 ,Et
354 1741 463 1802 aversi
495 1749 637 1822 repente
669 1742 785 1815 animi,
819 1761 880 1803 nec
912 1750 1026 1803 tamen
1060 1750 1178 1823 aperta
1210 1742 1258 1802 vi:
1290 1749 1408 1822 aptum

204 1869 345 1941 tempus
370 1859 499 1921 insidiis
518 1858 642 1941 legere.
664 1859 841 1942 DigressiS,
863 1860 920 1941 qui
940 1860 1114 1922 Pacarium
1135 1859 1407 1940 frequentabant,

206 1978 320 2041 nudus
343 1986 377 2040 et
402 1978 516 2042 auxilii
543 1979 652 2060 inopS,
679 1978 822 2042 balineis
846 1979 1078 2041 interficitur”.

252 2099 372 2162 Arena
400 2100 472 2162 sine
495 2100 589 2162 calce
614 2100 698 2163 haec
722 2108 789 2176 est,
815 2108 851 2162 ut
877 2101 965 2162 bene
989 2109 1228 2182 coagmentata
1253 2108 1409 2162 nascatur

207 2219 392 2294 sententia,
407 2227 537 2282 mutata
550 2219 770 2282 distinctione
783 2227 818 2281 et
831 2219 1001 2282 lenissima
1012 2220 1156 2281 duorum
1165 2219 1407 2282 vocabulorum

209 2337 454 2400 emendatione
479 2358 566 2420 opus
589 2347 640 2401 est
665 2347 699 2400 et
724 2339 771 2400 sic
796 2337 996 2419 legendum:

255 2457 324 2537 ,Et
355 2458 482 2520 aversis
513 2466 655 2540 repente
686 2458 818 2533 animiS,
851 2478 913 2520 nec
942 2466 1056 2520 tamen
1081 2466 1199 2540 aperta
1223 2457 1266 2531 vi,
1291 2466 1409 2538 aptum

205 2586 346 2659 tempus
369 2576 498 2640 insidiis
522 2576 652 2658 legere:
678 2577 836 2658 digressis
860 2597 889 2639 e.
915 2598 947 2658 q.
972 2576 1032 2639 s.”.

250 2696 296 2759 H.
324 2697 368 2771 11,
395 2711 448 2779 72.
474 2697 527 2759 De
551 2696 624 2760 salsi
650 2695 863 2761 Scriboniani
888 2697 981 2759 exitu
1006 2696 1091 2759 haec
1115 2697 1288 2777 leguntur:

252 2814 410 2898 ,(vulgus
442 2814 616 2878 credulum
641 2824 676 2879 et
699 2817 839 2897 quidam
870 2816 1014 2879 militum
1039 2816 1154 2878 statim
1178 2815 1408 2896 aggregaban-

204 2936 271 3016 tur)
305 2954 383 2997 cum
415 2943 606 3017 pertractus
636 2935 679 2998 ad
712 2935 889 2999 Vitellium
918 2935 1223 3016 interrogatusque,
1252 2935 1407 3015 quisnam

207 3053 403 3116 mortalium
437 3062 543 3117 esset:
576 3063 759 3137 postquam
794 3054 883 3118 nulla
914 3055 1013 3117 dictis
1045 3054 1129 3117 fides
1162 3062 1196 3116 et
1223 3074 1243 3115 a
1266 3053 1406 3116 domino

208 3173 424 3247 noscebatur,
456 3172 658 3236 condicione
686 3173 855 3255 fugitivus,
882 3174 1018 3236 nomine
1044 3172 1141 3247 Geta,
1165 3181 1338 3254 sumptum
1364 3171 1406 3233 de

209 3312 248 3354 eo
273 3291 481 3374 supplicium
505 3293 538 3355 in
563 3292 719 3355 servilem
745 3291 916 3355 modum”.

251 3410 380 3475 Omnia
412 3410 467 3474 hic
499 3411 699 3494 perturbant
728 3412 785 3492 qui
811 3418 888 3492 post
905 3421 1100 3493 pertractus
1124 3408 1178 3472 vel
1203 3418 1280 3491 post
1303 3410 1405 3472 inter·

209 3544 411 3615 rogatusque
445 3530 588 3594 verbum
622 3543 671 3594 est
706 3531 873 3606 inserunt,
910 3533 969 3593 sed
1005 3530 1051 3593 illi
1087 3551 1224 3611 quoque
1256 3528 1405 3592 colorem

208 3649 433 3711 obscurarunt
475 3648 664 3724 Taciteum,
703 3649 760 3730 qui
799 3649 958 3711 maiorem
996 3657 1072 3730 post
1107 3658 1187 3711 esset
1220 3657 1405 3731 posuerunt

208 3768 475 3841 distinctionem,
501 3787 562 3850 pro
587 3787 654 3848 qua
677 3768 703 3829 si
729 3767 858 3849 virgula
881 3769 945 3829 erit
969 3769 1091 3849 posita,
1113 3768 1225 3830 denuo
1247 3767 1404 3829 Tacitum

208 3906 449 3970 agnoscemus;
480 3906 500 3948 a
528 3906 600 3949 cum
627 3898 822 3969 pertractus
845 3886 1050 3948 sententiam
1074 3887 1204 3948 orditur
1228 3894 1404 3967 tamquam

208 4007 252 4070 sic
289 4006 361 4068 lere
397 4024 473 4069 eam
508 4005 697 4069 clausurus:
729 4004 847 4069 servili
879 4005 1037 4088 supplicio
1068 4006 1208 4088 affectus
1240 4013 1300 4079 est,
1332 4006 1402 4080 sed,

209 4134 330 4207 sponte
363 4124 452 4187 illius
482 4123 612 4187 consilii
645 4125 833 4198 immernor,
866 4144 927 4206 pro
954 4137 1186 4208 corumptum
1209 4126 1249 4187 de
1271 4147 1305 4187 eo
1329 4138 1403 4209 sup·

207 4245 341 4324 plicium
360 4244 382 4305 i.
395 4264 422 4305 s.
437 4264 479 4304 m.
499 4243 607 4325 ponit.
627 4242 748 4323 Neque
767 4251 826 4318 est,
846 4251 883 4304 ut
901 4245 1033 4325 opinor,
1050 4244 1171 4306 durum
1184 4240 1404 4307 ἀνακόλουθον

210 4381 277 4424 cum
295 4373 495 4445 pertractus
594 4372 760 4443 sumptum
783 4361 824 4423 de
846 4382 880 4423 eo
903 4362 1099 4444 supplicium
