3210 5274
669 413 731 481 ²77

102 599 206 662 quam
238 578 382 641 lascivos
413 599 472 641 eos
495 578 595 642 fuisse
619 579 796 643 credamus
821 581 854 643 in
880 579 1063 643 Vitelliana
1090 576 1190 639 turba
1215 576 1296 638 ista!

102 699 193 762 Vide
213 718 316 781 quam
337 699 472 781 egregie
492 718 591 774 nunc,
617 700 649 761 in
671 699 818 762 eundem
839 720 984 774 sensum,
1005 699 1089 762 haec
1109 697 1294 760 addantur:

103 828 174 900 ,tot
205 818 396 901 legatorum
428 819 683 900 amicorumque
712 819 902 893 comitatus,
928 817 1085 880 inhabilis
1109 818 1153 879 ad
1178 834 1297 898 paren-

101 941 192 1014 dum,
217 941 350 1002 etiamsi
371 960 501 1002 summa
524 940 681 1002 modestia
705 936 912 1021 regeretur.”
938 939 1033 1001 Idem
1058 946 1109 1000 est
1129 937 1298 999 exercitus

101 1059 265 1121 modestus
284 1065 319 1127 et
338 1079 480 1121 severus.
503 1057 716 1120 Adverbium
737 1079 847 1121 severe
866 1057 909 1120 de
931 1058 1093 1121 militibus
1105 1056 1297 1120 adhibitum

100 1177 224 1259 legitur
248 1177 292 1239 A.
313 1176 375 1252 IV,
398 1194 416 1238 2
438 1177 509 1259 (cur
527 1177 684 1239 Tiberius
704 1175 862 1240 cohortes
881 1177 1027 1240 urbanas
1048 1177 1081 1239 in
1102 1195 1168 1239 una
1188 1182 1298 1238 castra

102 1296 311 1358 contraxerit
337 1296 509 1378 traditur):
542 1296 812 1376 „Praetendebat
836 1296 989 1359 lascivire
1014 1296 1156 1358 militem
1181 1294 1297 1357 diduc-

102 1423 193 1492 tum;
227 1416 254 1477 si
279 1416 361 1496 quid
386 1415 534 1478 subitum
559 1416 703 1498 ingruat,
729 1417 856 1479 maiore
879 1417 1005 1479 auxilio
1028 1417 1155 1498 pariter
1177 1413 1298 1476 subve-

103 1535 183 1610 niri;
221 1543 255 1596 et
286 1534 435 1597 severius
466 1543 610 1610 acturos,
643 1536 670 1597 si
703 1533 828 1598 vallum
859 1543 1027 1598 statuatur
1058 1533 1175 1616 procul
1207 1533 1298 1596 urbis

104 1651 304 1716 illecebris.”

145 1772 377 1856 Opponuntur
401 1773 489 1835 inter
511 1793 547 1835 se
571 1773 727 1838 lascivire
749 1782 784 1836 et
807 1794 918 1837 severe
940 1794 1050 1856 agere.

144 2011 189 2074 H.
223 2013 265 2087 II,
293 2013 345 2075 88.
378 2012 532 2079 Vixdum
564 2013 683 2075 urbem
716 2013 924 2075 intraverant
956 2014 1048 2075 saevi
1081 2014 1135 2076 isti
1168 2015 1297 2097 serique

100 2130 230 2194 Vitellii
257 2132 380 2195 milites
403 2139 437 2194 et
462 2132 529 2195 iam
554 2130 683 2213 proelia
707 2130 791 2193 fiunt
816 2131 1006 2212 caedesque
1031 2131 1170 2194 civium:

147 2271 245 2332 „cum
270 2253 404 2315 turbam
429 2251 545 2334 populi
572 2271 632 2333 per
655 2251 822 2314 inscitiam
844 2271 963 2333 parum
984 2252 1139 2326 vitarent,
1161 2260 1220 2316 aut
1240 2253 1297 2316 ubi

101 2370 233 2434 lubrico
265 2373 340 2434 viae
372 2370 425 2433 vel
457 2390 598 2434 occursu
629 2370 769 2433 alicuius
800 2370 1036 2452 procidissent,
1066 2373 1110 2434 ad
1143 2373 1298 2454 iurgium,

103 2511 185 2554 mox
208 2491 251 2554 ad
277 2510 396 2553 manus
419 2499 454 2552 et
478 2489 602 2553 serrum
627 2489 842 2554 transirent.'’

148 2609 226 2673 Non
263 2611 350 2673 duae
382 2630 434 2673 res
466 2609 521 2672 hic
554 2611 642 2673 inter
672 2629 708 2672 se
739 2621 964 2692 opponuntur:
996 2608 1104 2672 altera
1135 2610 1225 2672 enim
1255 2630 1299 2673 ex
1347 2600 1352 2611 ⁶

101 2729 208 2792 altera
229 2729 417 2792 necessario
438 2729 599 2811 sequitur.
621 2727 707 2792 Cum
729 2728 862 2792 barbari
884 2729 1020 2792 turbam
1040 2729 1158 2812 populi
1180 2750 1298 2811 parum

101 2849 260 2924 vitarent,
292 2848 363 2911 fieri
391 2869 459 2911 non
485 2857 620 2930 poterat
645 2848 726 2930 quin
751 2849 940 2912 identidem
964 2850 1062 2913 alicui
1087 2850 1152 2912 civi
1178 2850 1299 2932 impin·

102 2978 272 3050 gerentur.
304 2968 507 3032 Accedebat
538 2967 603 3031 alia
636 2968 836 3051 procidendi
869 2989 986 3032 causa:
1020 2970 1095 3033 viae
1119 2970 1296 3034 lubricum.

102 3088 167 3150 Pro
191 3099 253 3151 aut
274 3107 355 3169 ergo
378 3099 409 3152 et
432 3086 615 3170 legendum
641 3107 774 3150 censeo.

148 3325 191 3388 H.
219 3325 262 3399 II,
286 3343 339 3406 99.
366 3324 503 3388 Nefaria
528 3326 720 3407 proditione
743 3346 763 3387 a
788 3324 929 3388 Vitellio
948 3327 992 3388 ad
1013 3325 1196 3389 Flavianos
1216 3325 1298 3390 defi·

102 3446 149 3508 cit
173 3443 335 3508 Caecina:

151 3564 354 3646 ,Credidere
380 3562 532 3645 plerique
557 3563 667 3626 Flavii
692 3562 808 3626 Sabini
829 3564 976 3627 consiliis
996 3583 1194 3627 concussam
1215 3564 1298 3629 Cae·

103 3685 199 3747 cinae
232 3692 394 3756 mentem,
419 3682 573 3744 ministro
595 3701 790 3744 sermonum
815 3683 945 3746 Rubrio
970 3682 1084 3746 Gallo:
1110 3693 1182 3748 rata
1206 3685 1297 3768 apud

104 3802 353 3886 Vespasianum
368 3802 439 3865 fore
453 3810 552 3883 pacta
566 3802 787 3877 transitionis;
802 3803 900 3866 simul
913 3804 1068 3866 odiorum
1082 3805 1297 3889 invidiaeque

106 3943 186 4005 erga
218 3922 362 3985 Fabium
390 3920 571 3983 Valentem
596 3920 855 3995 admonebatur,
881 3929 918 3984 ut
941 3922 1051 4004 impar
1074 3925 1165 4004 apud
1191 3924 1298 3989 Vitel-

103 4042 184 4105 lium
208 4043 351 4124 gratiam
377 4041 532 4120 viresque
556 4039 646 4120 apud
672 4058 797 4102 novum
822 4041 1011 4122 principem
1037 4041 1203 4122 pararet.''

149 4162 236 4224 Mire
258 4160 471 4223 conformata
492 4168 543 4221 est
563 4159 646 4220 haec
666 4159 851 4221 sententia!
876 4160 1023 4221 Primum
1045 4160 1109 4222 ista
1129 4161 1242 4226 subita
1254 4164 1297 4225 ad

104 4281 275 4363 passivum
296 4280 437 4342 verbum
458 4278 655 4341 transitione
668 4278 928 4360 (admonebatur)
942 4301 1052 4361 neque
1065 4281 1299 4364 perspicuitati

104 4420 215 4482 neque
247 4399 436 4481 elegantiae
468 4398 662 4461 consulitur.
688 4395 771 4478 Quis
795 4399 885 4460 enim
910 4399 1091 4463 Caecinam
1115 4399 1299 4464 admonet?
