3210 5274
776 430 832 493 131

202 593 458 656 defendendum
493 614 571 657 eum
603 603 721 657 contra
753 594 886 675 iniquas
916 594 1169 657 criminationes
1201 595 1401 677 conscripsit

203 712 401 775 Boissierius
421 711 453 795 ¹),
491 733 603 794 neque
638 713 765 776 infitior
800 714 858 775 vix
893 733 1100 796 quemquam
1131 722 1211 777 ante
1243 714 1401 776 Tacitum

203 843 273 895 tam
304 841 442 896 strenue
469 854 608 916 operam
633 834 767 896 dedisse
793 842 830 896 ut
853 835 1048 897 communia
1071 835 1274 917 scriptorum
1298 841 1402 915 atque

202 954 290 1015 adeo
315 952 491 1016 hominum
515 954 639 1016 vitaret
664 953 755 1016 vitia.
781 951 849 1016 Sed
874 954 908 1015 in
933 974 1000 1015 una
1023 974 1059 1015 re
1079 974 1099 1016 a
1120 953 1299 1016 Boissierio
1321 953 1401 1015 mihi

202 1073 474 1135 dissentiendum
507 1073 624 1135 video:
656 1071 787 1154 singula
811 1093 967 1155 quaeque
991 1093 1055 1155 ego
1080 1074 1306 1136 examinanda
1330 1092 1402 1134 esse

203 1193 360 1267 arbitror,
395 1203 430 1255 et
465 1193 492 1256 si
524 1213 592 1274 qua
623 1213 675 1255 res
707 1201 842 1256 narrata
873 1203 932 1256 aut
963 1194 1037 1276 ipsa
1068 1194 1274 1256 incredibilis
1304 1193 1403 1256 nobis

203 1313 370 1387 videatur,
403 1321 461 1375 aut
492 1312 602 1375 Taciti
634 1314 783 1375 narratio
812 1313 931 1375 vitium
963 1321 1091 1396 crepet,
1124 1313 1336 1376 confidenter
1368 1313 1402 1374 id

203 1432 304 1494 nobis
335 1453 408 1494 esse
440 1433 740 1514 pronuntiandum,
773 1441 807 1495 et
838 1453 948 1515 neque
973 1434 1077 1516 ipsius
1102 1432 1223 1508 Taciti,
1247 1431 1403 1514 quamvis

204 1552 317 1633 magni
339 1572 417 1614 eum
435 1551 607 1627 faciamus,
626 1554 875 1628 auctoritatem,
894 1573 1005 1634 neque
1024 1552 1177 1617 Suetonii
1191 1572 1404 1627 consensum,

204 1691 317 1753 neque
349 1672 536 1754 quidquam
568 1693 611 1735 ex
643 1672 707 1735 hoc
732 1692 856 1754 genere
880 1680 1012 1734 tantam
1036 1672 1162 1734 habere
1186 1673 1254 1734 vim
1277 1672 1402 1734 debere

202 1801 240 1854 ut
265 1792 309 1853 de
332 1790 472 1873 singulis
496 1793 577 1874 quid
602 1812 799 1855 censeamus
825 1812 1000 1854 vereamur
1024 1790 1190 1874 proloqui.

251 1913 323 1974 lam
347 1912 430 1974 vitia
453 1914 622 1993 quaedam
647 1912 758 1974 Taciti
782 1913 815 1974 in
841 1911 1125 1994 praecedentibus
1147 1911 1201 1973 hic
1222 1911 1288 1974 illic
1310 1920 1404 1974 nota·

204 2034 325 2096 vimus.
359 2032 517 2095 Vidimus
549 2052 626 2095 eum
659 2033 763 2095 modo
795 2032 844 2114 (ut
867 2031 981 2113 lepida
1006 2031 1061 2094 hic
1087 2040 1161 2094 utar
1185 2031 1405 2113 inscriptione

204 2174 273 2236 qua
306 2153 462 2216 Naberus
494 2153 665 2235 egregiam
697 2152 788 2215 illam
820 2153 862 2214 de
888 2150 960 2216 Silii
987 2152 1256 2234 Messalinaeque
1281 2154 1407 2235 nuptiis

205 2273 475 2355 disputationem
508 2273 698 2346 exornavit,
731 2272 857 2334 Mnem.
888 2272 970 2354 1892
993 2293 1025 2354 p.
1046 2289 1113 2351 410
1132 2273 1220 2354 sqq.)
1249 2270 1406 2352 „fluctum

206 2395 240 2455 in
272 2393 420 2476 simpulo
450 2390 629 2465 movisse'’,
655 2392 779 2453 dume
804 2391 931 2472 nuptiis
955 2390 1179 2453 theatralibus
1203 2411 1299 2454 veras
1324 2412 1408 2475 nup·

206 2514 282 2588 tias,
315 2512 369 2575 vel
401 2533 420 2574 e
451 2513 630 2574 doctorum
659 2511 971 2574 iurisconsultorum
997 2511 1246 2594 disceptatione
1269 2532 1408 2593 gravem

207 2641 346 2696 senatus
377 2632 504 2694 faceret
536 2630 829 2706 deliberationem,
863 2630 915 2693 vel
946 2631 1094 2711 denique
1118 2651 1236 2693 causas
1260 2632 1409 2714 privatas

207 2773 227 2816 a
251 2753 361 2815 causis
385 2749 530 2832 publicis
553 2769 621 2812 non
646 2750 728 2811 satis
752 2758 908 2812 accurate
933 2751 1123 2825 dirimeret;
1146 2750 1249 2812 modo
1271 2769 1341 2811 rem
1362 2750 1410 2811 ita

209 2891 372 2946 narrasse,
396 2879 434 2933 ut
458 2870 550 2952 quod
575 2869 608 2930 in
634 2889 675 2930 ea
698 2869 838 2931 maximi
862 2869 961 2932 fuerit
987 2869 1153 2931 momenti
1173 2868 1310 2931 latuisse
1330 2888 1408 2930 eum

210 2992 299 3056 ultro
330 2998 512 3072 appareat;
537 2990 642 3051 modo
665 2988 818 3051 locorum
842 2989 944 3050 situm
968 2987 1058 3051 haud
1083 2988 1164 3050 satis
1189 2988 1222 3050 in
1247 2998 1409 3072 promptu

210 3112 368 3175 habuisse
376 3138 383 3185 ;
411 3110 515 3172 modo
539 3108 638 3171 alicui
662 3109 709 3171 ita
733 3108 855 3171 favisse
880 3115 917 3170 ut
940 3108 1127 3190 quidquam
1149 3107 1270 3170 abillo
1292 3110 1409 3171 crude·

211 3232 296 3306 liter,
321 3229 510 3311 quidquam
534 3228 638 3291 stulte
662 3227 788 3291 factum
813 3248 886 3290 esse
912 3248 980 3290 non
1004 3235 1221 3309 agnosceret,
1248 3229 1352 3290 modo
1376 3228 1410 3291 in

212 3351 407 3414 auctoribus
441 3349 594 3430 legendis
631 3368 689 3410 eos
720 3341 928 3411 commisisse
961 3368 1090 3410 errores
1121 3368 1206 3429 quos
1238 3368 1280 3410 ne
1312 3348 1411 3410 nobis

214 3470 351 3551 quidem
375 3469 544 3550 corrigere
567 3469 754 3531 admodum
778 3467 822 3529 sit
846 3466 992 3529 difficile.

257 3589 357 3652 Nunc
389 3596 503 3651 autem
535 3589 578 3650 de
611 3589 734 3650 eodem
761 3593 963 3668 argumento
987 3585 1035 3648 ita
1058 3586 1231 3668 disputare
1255 3583 1351 3647 lubet
1375 3593 1411 3647 ut

218 3728 357 3790 magnus
379 3707 512 3771 illorum
537 3726 695 3769 numerus
715 3708 758 3769 ad
780 3714 873 3768 certa
893 3705 1065 3787 redigatur
1083 3724 1217 3786 genera.
1240 3704 1358 3786 Atque
1377 3704 1410 3767 in

215 3825 276 3889 hac
308 3847 344 3889 re
376 3827 449 3910 ipse
478 3826 686 3900 Boissierius,
711 3846 822 3908 quem,
849 3835 885 3887 ut
910 3845 970 3907 par
995 3832 1056 3898 est,
1081 3832 1116 3886 et
1140 3824 1195 3886 hic
1219 3832 1254 3886 et
1276 3843 1413 3906 semper

216 3943 353 4009 honoris
376 3966 477 4008 causa
502 3947 651 4019 nomin0,
677 3945 811 4006 initium
835 3944 917 4007 mihi
943 3944 1131 4027 praebebit.

262 4065 469 4128 Historicum
490 4073 641 4126 nostrum
659 4064 812 4146 legentes
829 4064 1000 4127 interdum
1016 4065 1189 4127 rhetorum
1204 4065 1412 4146 agnoscimus

210 4183 411 4268 discipulum
424 4183 459 4266 ²).
493 4183 678 4264 Nunquam
710 4192 826 4246 tamen
853 4184 977 4246 certius
1001 4182 1093 4245 illum
1118 4182 1292 4246 rhetorum
1315 4185 1413 4246 disci·

258 4350 281 4416 1)
299 4351 329 4399 Iu
351 4352 458 4413 „Revue
477 4349 503 4398 d.
522 4349 592 4398 deux
612 4349 724 4399 Mondes
743 4350 775 4399 de
798 4359 827 4414 15
849 4351 911 4415 Mai,
935 4361 964 4414 15
985 4349 1082 4415 luiilet,
1104 4362 1114 4398 1
1137 4351 1282 4400 Decembre
1296 4350 1390 4415 1901¹’.

257 4436 281 4502 2)
301 4438 386 4502 Ipsius
406 4436 540 4486 Boissierii
558 4437 638 4485 verba
656 4445 717 4486 sunt
738 4436 847 4500 ,Peltve
866 4437 913 4487 des
931 4438 1048 4487 rheteurs
1067 4436 1205 4502 repamit'’.
