3210 5274
669 408 729 476 225

97 594 213 638 muros
236 575 541 639 interimambiret
561 577 922 661 oppugnationemque
944 577 1074 640 eminus
1096 578 1270 660 inciperet.

142 693 342 758 Claudicare
363 695 554 758 orationem
575 696 686 776 quivis
706 695 810 768 videt,
832 696 892 758 sed
915 716 982 758 non
1003 697 1184 758 restituunt
1206 717 1292 772 eam,

97 815 156 896 qui
178 834 240 896 pro
259 814 325 878 levi
343 815 497 877 scribunt
516 814 651 878 leniret
671 835 692 877 a
705 815 959 897 praemissaque
980 835 1105 877 novum
1127 815 1293 897 incipiunt

98 933 222 996 colum.
259 931 397 1016 Quanto
429 934 552 996 rectius
584 931 743 996 Heinsius
774 933 840 997 levi
869 935 993 996 retinet
1025 935 1083 996 sed
1108 956 1169 1016 que
1192 936 1292 1011 eiicit‚

97 1061 135 1116 ut
171 1053 287 1116 omnia
317 1054 365 1116 sic
397 1054 595 1116 decurrant:
631 1054 760 1133 ,lucem
792 1054 976 1136 opperitur,
1010 1056 1194 1136 praemissa
1226 1054 1292 1116 levi

96 1180 269 1235 armatura
292 1194 321 1235 e.
336 1194 369 1255 q.
382 1171 430 1234 s.'’

144 1291 188 1354 A.
225 1292 321 1366 XIII,
359 1307 410 1372 54.
437 1291 546 1366 Frisii,
581 1292 644 1355 rati
680 1294 783 1355 duces
819 1294 993 1356 Romanos
1029 1293 1153 1357 vetitos
1184 1304 1293 1357 castra

98 1431 248 1486 movere,
281 1411 458 1474 Romanae
491 1411 634 1474 dicionis
657 1431 756 1493 agros
780 1413 947 1493 quosdam
972 1432 1096 1475 vacuos
1121 1423 1290 1496 occupant

97 1539 134 1594 et
158 1538 194 1593 ut
218 1551 297 1594 suos
321 1539 483 1594 exercent
506 1531 702 1593 auctoribus
727 1529 864 1593 Verrito
889 1539 924 1593 et
950 1531 1124 1614 Malorige.
1161 1532 1268 1595 Tum:

147 1650 299 1731 ,Dubius
331 1649 466 1725 Avitus,
498 1659 640 1732 accepta
672 1669 691 1712 a
724 1649 863 1712 Paulino
889 1651 1074 1733 provincia,
1101 1652 1292 1715 minitando

98 1772 169 1834 vim
201 1771 403 1844 Romanam,
437 1770 499 1832 nisi
529 1769 756 1832 abscederent
780 1769 878 1832 Frisii
902 1779 1035 1832 veteres
1059 1771 1091 1832 in
1116 1771 1209 1833 locos
1233 1781 1291 1835 aut

99 1910 224 1954 novam
255 1890 373 1952 sedem
404 1909 423 1952 a
455 1887 599 1952 Caesare
628 1889 860 1971 impetrarent,
886 1889 1033 1972 perpulit
1058 1889 1231 1952 Verritum
1256 1899 1292 1952 et

100 2007 335 2091 Malorigem.”

144 2129 236 2212 Quid
257 2130 380 2193 certius
400 2148 503 2212 quarn
524 2128 652 2211 puerile
673 2129 763 2190 istud
784 2127 893 2191 Frisii
904 2149 922 2191 e
936 2128 1086 2210 margine
1100 2129 1293 2212 irrepsisse?

144 2250 189 2313 A.
225 2249 322 2324 XIV,
359 2266 411 2312 20.
449 2249 593 2331 Antiqui
630 2249 733 2311 moris
767 2248 922 2310 homines
958 2269 1065 2311 novos
1099 2268 1119 2310 a
1155 2249 1292 2312 Nerone

98 2371 272 2434 institutos
301 2369 400 2432 ludos
428 2388 529 2450 aegre
553 2367 717 2443 serebant,
743 2369 1133 2450 commemorabantque¹
1151 2389 1292 2431 avorum

97 2490 369 2571 indignationem
395 2489 427 2550 in
454 2487 671 2570 Pompeium:
766 2555 772 2565 ι

147 2609 258 2690 „quod
303 2627 495 2671 mansuram
530 2606 653 2669 theatri
689 2607 806 2668 sedem
842 2607 1018 2688 posuisset.
1068 2607 1156 2669 Nam
1191 2616 1292 2670 antea

95 2727 269 2790 subitariis
299 2727 460 2808 gradibus
493 2734 528 2787 et
558 2745 681 2788 scaena
713 2725 747 2786 in
779 2733 914 2807 tempus
945 2734 1073 2788 structa
1105 2726 1203 2788 ludos
1236 2727 1290 2788 edi

96 2846 233 2922 solitos;
269 2847 321 2908 vel
352 2846 380 2908 si
412 2845 598 2908 vetustiora
630 2853 773 2927 repetas,
798 2852 946 2907 stantem
971 2845 1135 2928 populum
1160 2854 1292 2927 specta-

97 2967 197 3046 visse,
216 2985 269 3040 ne,
286 2965 313 3028 si
332 2965 535 3037 consideret,
554 2963 688 3025 theatro
707 2963 779 3025 dies
792 2971 884 3025 totos
897 2963 1031 3045 ignavia
1044 2961 1292 3025 continuaret.”

144 3084 346 3147 Rectissime
378 3081 540 3164 Agricola
572 3082 772 3164 particulam
804 3103 851 3157 ne,
884 3101 971 3164 quae
1003 3082 1037 3144 in
1069 3083 1188 3144 codice
1214 3091 1292 3164 post

94 3206 303 3269 continuaret
321 3203 452 3284 legitur,
474 3202 540 3264 huc
562 3202 745 3276 transiecit,
767 3202 824 3264 ubi
846 3221 934 3263 nunc
952 3210 1004 3263 est
1021 3201 1054 3263 in
1068 3202 1287 3264 editionibus.

95 3321 165 3388 Sed
185 3343 252 3386 non
273 3321 415 3405 perfecit
434 3322 710 3385 emendationem
720 3348 728 3396 ;
748 3320 824 3383 serri
838 3321 928 3382 enim
943 3340 1009 3381 non
1025 3329 1138 3401 potest
1150 3321 1291 3397 theatro,

94 3444 167 3506 sive
192 3463 269 3505 cum
294 3444 483 3517 consideret,
507 3442 578 3504 sive
603 3461 679 3504 cum
704 3441 911 3503 continuaret
934 3439 1053 3520 iungis.
1079 3440 1117 3502 ln
1141 3443 1290 3523 margine

94 3562 276 3644 adscripsit
300 3561 351 3622 vir
375 3560 514 3643 probior
538 3580 640 3642 quam
664 3558 841 3632 sollertior,
864 3567 1018 3621 metuens
1040 3580 1080 3622 ne
1101 3561 1177 3641 quis
1197 3561 1290 3643 igno·

95 3691 186 3745 raret
211 3700 298 3764 quae
323 3681 460 3764 ignavia
486 3678 541 3741 hic
567 3688 655 3741 esset
678 3677 909 3760 intelligenda.

141 3802 185 3864 A.
218 3800 314 3873 XIV,
342 3802 392 3881 38.
418 3800 456 3861 In
483 3799 656 3861 Britannia
680 3797 782 3860 Iulius
807 3797 973 3860 Classicus
997 3810 1196 3880 procurator
1220 3821 1291 3863 om-

95 3921 195 3983 nibus
227 3919 339 3982 modis
369 3918 579 3993 Suetonium,
608 3918 666 4000 qui
690 3917 854 3980 hactenus
879 3918 972 3979 vario
997 3929 1121 3982 eventu
1149 3942 1219 3984 rem
1244 3921 1290 3982 ibi

95 4049 258 4124 gesserat,
283 4039 522 4122 oppugnabat:

143 4158 262 4240 „simul
294 4159 327 4221 in
359 4158 477 4221 urbem
511 4157 696 4220 mandabat
729 4156 855 4219 nullum
880 4157 1085 4238 proeliorum
1107 4159 1209 4222 finem
1233 4182 1291 4223 ex·

94 4287 284 4363 pectarent,
311 4277 373 4340 nisi
397 4279 636 4341 succederetur
656 4276 832 4350 Suetoni0,
854 4277 947 4337 cuius
967 4280 1111 4340 adversa
1131 4280 1290 4361 pravitati

95 4401 210 4482 Ipsius,
236 4417 400 4480 prospera
424 4398 472 4462 ad
485 4399 668 4481 fortunam
691 4398 797 4479 ipsius
821 4395 1022 4460 referebat.”

1154 4529 1184 4585 Ι5
