3210 5274
757 362 817 426 119

184 519 330 584 Chattos
361 541 467 602 usque
498 521 682 585 sinuetur”.
716 521 812 605 Quae
844 545 1051 607 quamquam
1083 534 1118 588 et
1149 527 1221 608 ipsa
1246 545 1382 588 omnem

180 639 331 703 ludibrio
356 639 485 703 babent
509 642 765 724 geographiam,
790 652 905 707 tamen
930 646 1054 707 diserte
1078 645 1253 708 declarant
1274 644 1382 707 Chau-

181 778 299 821 corum
324 759 472 840 regionis
496 760 623 822 nullam
652 760 753 825 fuisse
778 771 909 844 partem
934 765 1023 827 unde
1049 765 1145 826 unius
1170 764 1236 826 diei
1262 764 1382 826 itinere

181 878 226 939 ad
253 877 362 941 Ubios
387 879 442 959 (ne
467 879 510 941 de
537 878 722 953 Veteribus
745 880 877 963 loquar)
902 884 1070 964 perveniri
1096 892 1220 965 posset.

227 995 272 1059 A.
299 997 325 1071 l,
348 1013 402 1076 42.
436 999 508 1060 lam
541 1000 660 1062 taedet
692 1000 932 1064 Germanicum
964 1001 1170 1064 tumultuum
1198 1011 1233 1065 et
1257 1002 1382 1064 discor·

183 1115 327 1192 diarum,
360 1117 428 1180 iam
461 1119 495 1180 in
528 1138 570 1181 eo
600 1126 652 1181 est
677 1128 713 1182 ut
737 1121 916 1185 seditiosos
941 1120 1064 1183 milites
1088 1120 1256 1202 relinquat
1280 1129 1315 1183 et
1338 1121 1381 1182 ad

184 1235 393 1316 superiorem
418 1235 651 1318 proficiscatur
676 1239 879 1314 exercitum;
910 1248 1002 1302 certe
1026 1240 1121 1304 uxori
1148 1248 1185 1302 ut
1207 1260 1248 1302 eo
1272 1239 1381 1302 abiret

185 1355 362 1437 persuasit,
387 1355 523 1437 iamque
552 1357 753 1435 ,incedebat
774 1356 937 1420 muliebre
958 1368 993 1420 et
1013 1358 1203 1420 miserabile
1217 1357 1380 1438 agmen”:

184 1493 226 1536 ea
256 1494 309 1536 res
334 1474 458 1536 milites
482 1474 704 1538 vehementer
733 1485 938 1550 commovet,
964 1475 1069 1557 fitque
1094 1476 1298 1540 Germanico
1323 1496 1381 1537 eos

182 1593 380 1675 alloquendi
413 1595 523 1676 copia.
556 1595 595 1657 In
624 1614 692 1676 qua
715 1596 869 1658 oratione
894 1604 928 1657 et
950 1594 1017 1659 alia
1040 1596 1198 1678 leguntur
1221 1604 1254 1657 et
1279 1595 1379 1657 haec:

184 1712 309 1792 ,Hunc
333 1731 398 1793 ego
428 1715 585 1775 nuntium
609 1714 707 1795 patri,
733 1713 821 1776 laeta
847 1713 960 1776 omnia
984 1713 1049 1776 alia
1073 1735 1091 1776 e
1117 1714 1300 1795 provinciis
1324 1735 1380 1777 au-

181 1831 302 1904 dienti,
334 1829 460 1893 feram?
492 1830 596 1912 ipsius
621 1832 758 1905 tirones,
784 1831 888 1913 ipsius
912 1840 1091 1894 veteranos
1117 1852 1184 1893 non
1210 1833 1379 1907 missione,

182 1970 252 2013 non
285 1950 430 2031 pecunia
459 1950 618 2025 satiatos;
651 1950 705 2013 hic
735 1958 868 2013 tantum
899 1950 1042 2013 interfici
1066 1951 1292 2026 centuriones,
1317 1952 1380 2014 eici

181 2067 349 2143 tribunos,
384 2069 509 2131 includi
546 2069 686 2150 legatos,
723 2069 849 2133 insecta
883 2071 1046 2150 sanguine
1078 2079 1197 2144 castra,
1231 2071 1379 2146 flumina,

183 2208 308 2269 meque
341 2189 528 2269 precariam
559 2188 708 2251 animam
740 2189 828 2250 inter
857 2188 1006 2252 infensos
1029 2189 1173 2252 trahere.
1199 2189 1265 2253 Cur
1289 2192 1379 2252 enim

183 2308 296 2389 primo
327 2308 496 2370 contionis
520 2308 576 2370 die
601 2307 724 2370 ferrum
749 2307 842 2383 illud,
867 2310 958 2390 quod
985 2309 1114 2390 pectori
1140 2329 1216 2371 meo
1241 2308 1379 2390 infigere

184 2426 360 2509 parabam,
385 2426 590 2502 detraxistis,
617 2446 638 2488 o
662 2426 844 2508 improvidi
869 2427 968 2489 amici
978 2426 1011 2489 ?’'

228 2547 361 2611 Ultima
382 2546 465 2609 haec
486 2566 647 2628 quorsum
667 2554 824 2628 spectent
845 2546 951 2628 probe
970 2549 1135 2611 novimus.
1153 2547 1273 2630 Capite
1290 2548 1380 2610 enim

185 2681 220 2747 35
257 2664 411 2747 legimus,
443 2665 500 2728 ubi
533 2667 679 2747 primum
711 2674 821 2728 castra
848 2667 1031 2729 introiisset
1056 2666 1286 2741 Germanicus
1312 2687 1380 2729 non

182 2785 292 2849 solum
324 2787 367 2848 de
401 2786 542 2848 miseriis
573 2786 642 2848 suis
673 2786 717 2848 ad
745 2805 822 2848 eum
848 2794 1053 2867 conquestos
1077 2807 1149 2848 esse
1175 2785 1297 2848 milites
1320 2787 1379 2848 sed

184 2906 286 2967 etiam
312 2905 373 2986 ipsi
398 2904 561 2966 obtulisse
586 2905 781 2986 imperium:
810 2910 902 2982 ,tum
927 2925 1007 2966 vero
1031 2906 1126 2985 quasi
1151 2904 1277 2968 scelere
1301 2925 1380 2967 con·

184 3024 415 3098 taminaretur,
447 3043 611 3106 praeceps
643 3021 801 3086 tribunali
834 3022 979 3086 desiluit.
1012 3023 1213 3106 Opposuere
1241 3025 1380 3088 abeunti

181 3160 286 3219 arma,
320 3143 526 3217 minitantes,
552 3143 585 3204 ni
609 3144 854 3224 regrederetur.
879 3141 929 3205 At
954 3141 1009 3204 ille
1034 3144 1233 3206 moriturum
1258 3145 1381 3225 potius,

177 3281 286 3344 quam
306 3261 408 3325 fidem
427 3269 567 3324 exueret
585 3260 762 3323 clamitans
780 3261 904 3323 serrum
922 3281 942 3323 a
957 3260 1062 3323 latere
1075 3261 1225 3342 diripuit,
1239 3261 1379 3324 elatum-

170 3399 246 3464 que
284 3381 460 3445 delerebat
497 3381 530 3443 in
563 3389 692 3462 pectus,
724 3381 757 3442 ni
791 3381 936 3461 proximi
969 3400 1126 3461 prensam
1158 3380 1314 3443 dextram
1346 3382 1378 3442 vi

160 3498 432 3567 attinuissent’'.
469 3522 475 3528 ·

221 3622 275 3685 Et
307 3627 421 3682 tamen
456 3617 691 3681 Germanicum
716 3617 828 3679 verbis
855 3617 983 3698 ,primo
1008 3617 1176 3679 contionis
1201 3616 1278 3679 die”
1302 3637 1379 3679 cum

150 3749 279 3805 usum
305 3759 378 3801 esse
403 3738 556 3821 legimus,
580 3736 803 3799 subridemus.
829 3735 907 3797 Non
933 3735 1022 3797 enim
1043 3736 1167 3797 decent
1187 3735 1250 3797 ista
1271 3736 1379 3797 virum

143 3860 364 3926 ¹uilitarem
405 3856 549 3920 militum
589 3855 827 3919 seditiosorum
865 3853 1057 3935 placantem
1092 3854 1233 3917 animos.
1269 3852 1380 3936 Quem

139 3974 329 4044 deceant
358 3973 513 4058 quaeris?
537 3973 717 4039 Oratorem
742 3974 785 4035 de
810 3973 986 4035 discordiis
1010 3972 1181 4054 legionum
1207 3973 1381 4037 Germani·

137 4108 297 4163 carum
335 4094 481 4157 facunde
516 4102 550 4156 et
587 4114 630 4156 ex
665 4093 746 4155 artis
778 4091 968 4172 praeceptis
1000 4099 1202 4165 narrantem,
1235 4092 1382 4173 ideoque

136 4201 375 4301 legentibus
398 4213 579 4295 diligenter
602 4214 635 4275 in
662 4211 860 4274 memoriam
880 4219 1099 4273 revocantem
1119 4231 1206 4292 quae
1227 4211 1294 4273 iam
1315 4211 1383 4274 sint

147 4336 358 4400 orationes
383 4332 520 4395 habitae
644 4338 797 4412 quotque
821 4328 1012 4409 quibusque
1038 4330 1158 4391 modis.
