3210 5274
788 369 829 440 59

206 539 365 602 Romana
388 539 640 620 oppugnantes)
664 538 812 620 augebat
836 537 1027 619 amplitudo
1047 536 1136 611 valli,
1158 536 1250 617 quod
1273 534 1404 597 duabus

203 656 398 739 legionibus
429 658 531 720 situm
563 658 622 720 vix
652 659 803 741 quinque
832 658 924 721 milia
946 664 1154 720 armatorum
1177 656 1403 718 Romanorum

206 778 402 841 tuebantur.

253 899 413 980 Ineptum
437 897 608 961 emblema
632 899 858 962 Romanorum
883 919 951 961 non
976 906 1027 960 est
1051 897 1085 959 in
1110 894 1343 958 deterioribus.

252 1017 348 1079 Addi
373 1025 515 1098 possunt
539 1016 590 1078 his
614 1017 780 1079 innumeri
800 1017 876 1092 loci,
898 1017 932 1079 in
953 1016 1076 1097 quibus
1096 1014 1318 1078 emendandis
1336 1014 1403 1075 iam

204 1155 284 1198 cum
320 1134 587 1215 „deterioribus”
615 1135 680 1197 illis
703 1135 833 1198 dudum
856 1136 1006 1198 editores
1029 1135 1256 1208 consentiunt,
1281 1140 1315 1195 et
1339 1132 1404 1194 for·

205 1262 297 1317 tasse
329 1274 453 1335 operae
486 1255 633 1336 pretium
665 1254 764 1317 suerit
788 1255 983 1337 diligentius
1007 1255 1110 1316 etiam
1134 1272 1238 1316 unum
1262 1259 1297 1314 et
1320 1251 1402 1314 alte·

205 1394 280 1436 rum
304 1372 437 1436 illorum
460 1383 621 1437 excutere
645 1375 813 1449 codicum,
837 1375 864 1437 si
889 1374 975 1438 sorte
999 1374 1064 1437 alia
1089 1373 1135 1436 ibi
1156 1373 1294 1447 lateant,
1315 1391 1402 1452 quae

204 1513 226 1556 a
262 1492 507 1556 recentioribus
543 1494 668 1557 criticis
704 1495 855 1557 nondum
890 1496 958 1557 sint
992 1495 1141 1568 inventa,
1178 1513 1254 1555 cum
1287 1502 1402 1555 tamen

206 1612 333 1694 Lipsiis
357 1619 391 1673 et
416 1611 598 1693 Madvigiis
623 1613 762 1694 indigna
784 1633 851 1675 non
873 1613 1006 1676 suerint.
1028 1612 1083 1676 Sic
1103 1614 1241 1675 demum
1262 1631 1402 1693 appare·

205 1731 269 1805 bit,
302 1730 395 1811 quod
427 1738 461 1792 et
489 1732 562 1812 ipse
586 1752 649 1813 pro
673 1731 758 1794 virili
783 1741 879 1814 parte
906 1734 1139 1795 demonstrare
1163 1740 1304 1794 conatus
1328 1750 1401 1792 sum

206 1850 386 1934 prudentis
406 1871 478 1913 esse
499 1851 623 1913 critici:
649 1852 748 1932 „inde
769 1852 907 1927 bonum,
928 1852 1093 1933 reperitur
1112 1850 1181 1925 ubi,
1194 1850 1258 1913 sibi
1270 1869 1402 1912 sumere

206 1969 376 2052 semper”.

253 2089 353 2152 Nunc
385 2097 501 2152 autem
525 2090 626 2152 —id
659 2091 752 2171 quod
780 2090 917 2171 cognati
941 2099 992 2152 est
1016 2090 1206 2172 argumenti
1230 2126 1273 2134 -
1298 2109 1401 2151 unum

204 2219 241 2272 et
274 2209 418 2272 alterum
449 2208 563 2273 locum
593 2210 743 2285 afferam,
776 2210 834 2273 ubi
865 2211 991 2273 tradita
1021 2210 1123 2272 lectio
1146 2210 1190 2271 sit
1214 2209 1402 2284 retinenda,

205 2347 286 2391 cum
310 2328 354 2391 ad
375 2347 435 2390 eos
455 2328 712 2391 emendationes
731 2329 798 2391 sint
819 2329 1025 2410 propositae,
1046 2348 1134 2410 quae
1153 2337 1212 2391 aut
1232 2326 1276 2390 ab
1297 2327 1406 2389 edito-

204 2448 299 2510 ribus
330 2455 489 2529 receptae
520 2449 587 2511 iam
620 2448 697 2522 sint,
725 2456 783 2510 aut
808 2468 977 2528 magnam,
1003 2449 1112 2529 primo
1136 2457 1228 2510 certe
1253 2454 1402 2528 aspectu,

203 2566 356 2630 habeant
388 2567 459 2628 veri
489 2566 649 2647 speciem.
683 2565 785 2628 Haud
816 2567 907 2628 enim
939 2566 1057 2629 inutile
1089 2567 1223 2629 videtur
1246 2587 1307 2630 cur
1330 2566 1404 2627 reii-

201 2686 348 2749 cieudae
374 2684 451 2747 illae
473 2686 541 2748 sint
565 2686 681 2766 paucis
705 2686 950 2748 demonstrare.

249 2804 294 2866 Α.
321 2803 382 2878 ΧΙ,
405 2820 434 2866 2.
457 2805 533 2885 Ipsa
554 2804 761 2886 (Messalina)
782 2805 826 2867 ad
847 2805 1032 2886 perniciem
1052 2805 1233 2886 Poppaeae
1254 2804 1402 2879 festinat,

202 2923 361 2998 subditis,
386 2924 444 3004 qui
468 2932 595 2985 terrore
621 2925 765 2986 carceris
787 2924 831 2986 ad
856 2924 1081 2987 voluntariam
1103 2933 1247 2987 mortem
1269 2924 1402 3006 propel-

202 3043 325 3119 lerent,
357 3043 445 3105 adeo
475 3044 593 3124 ignaro
617 3043 770 3117 Caesare,
795 3051 833 3106 ut
857 3064 983 3125 paucos
1008 3053 1085 3126 post
1110 3045 1182 3106 dies
1205 3045 1401 3125 epulantem

203 3163 295 3245 apud
331 3181 368 3223 se
405 3162 562 3225 maritum
598 3162 668 3224 eius
704 3161 899 3243 Scipionem
936 3172 1201 3244 percontaretur,
1238 3183 1295 3225 cur
1331 3164 1402 3225 sine

205 3300 311 3343 uxore
337 3280 573 3355 discubuisset,
597 3290 699 3362 atque
724 3281 779 3343 ille
803 3281 953 3344 iunctam
978 3281 1049 3345 sato
1073 3283 1305 3364 responderet.

251 3399 317 3462 Pro
349 3401 560 3482 responderet
591 3399 767 3463 Acidalius
798 3401 1003 3483 respondere,
1037 3401 1188 3463 Ritterus
1219 3403 1401 3485 respondet,

206 3517 384 3581 Ernestius
414 3518 584 3600 respondit
605 3519 833 3582 coniecerunt.
858 3517 952 3601 Quas
974 3520 1186 3582 coniecturas
1208 3540 1286 3582 cum
1310 3540 1401 3582 com·

206 3644 396 3699 memorent
425 3637 583 3711 editores,
608 3637 697 3700 haud
722 3638 842 3701 iniuria
867 3639 910 3701 de
935 3639 1059 3702 tradita
1083 3637 1229 3701 lectione
1254 3639 1401 3712 dubitari

203 3753 407 3837 significant.
433 3754 526 3817 Nihil
550 3763 664 3819 tamen
689 3758 813 3819 certius
836 3777 938 3838 quam
963 3758 1060 3819 unice
1085 3777 1201 3820 veram
1221 3778 1296 3820 eam
1316 3779 1400 3821 esse.

206 3873 320 3936 Etiam
345 3893 546 3954 responsum
572 3873 741 3957 Scipionis
765 3876 1023 3938 demonstrabat
1047 3896 1149 3957 quam
1174 3878 1293 3960 ignaro
1317 3878 1400 3941 Cae·

204 4012 276 4054 sare
306 3999 381 4054 tota
410 3991 465 4054 illa
489 4012 541 4055 res
565 4001 641 4056 acta
665 4004 763 4056 esset.
789 3993 876 4076 Qui?
900 3995 1044 4076 quaeris
1071 3996 1125 4058 Ex
1150 3998 1223 4078 ipso
1249 3998 1401 4062 Caesaris

206 4110 299 4173 vultu
332 4110 502 4173 efficiebat
527 4109 641 4193 Scipio
666 4113 819 4193 ignarum
843 4133 916 4175 esse
941 4115 987 4175 rei
1013 4114 1210 4191 Caesarem;
1236 4117 1400 4200 intellige·

205 4230 262 4292 bat
296 4249 379 4310 ergo
410 4231 651 4293 tantummodo
683 4232 873 4294 cavendum
902 4232 965 4295 sibi
989 4253 1063 4296 esse
1088 4255 1129 4296 ne
1154 4255 1316 4315 responso
1339 4255 1401 4297 suo

204 4347 421 4412 Messalinam
445 4347 584 4430 eiusque
608 4368 710 4412 canes
734 4350 888 4413 irritaret.
915 4350 950 4415 Si
976 4372 1056 4415 vero
1079 4352 1193 4433 aliquo
1219 4354 1322 4415 modo
1346 4373 1397 4415 su·
