3210 5274
740 391 798 457 105

176 553 378 616 Flavianam
404 556 550 638 prodere
574 558 769 622 insimulant
778 586 786 634 ;
810 559 902 622 solus
926 559 1099 623 Antonius
1122 561 1194 643 ipse
1219 580 1375 643 praesen·

175 680 246 735 tem
271 673 315 735 ab
339 692 381 736 eo
406 675 592 756 perniciem
617 678 751 740 avertit.
776 677 966 761 Aliquanto
990 688 1085 762 post:

223 792 420 871 „Profectus
440 795 561 856 eadem
583 804 684 858 nocte
706 796 889 860 Flavianus
909 798 1019 861 obviis
1037 798 1238 881 Vespasiani
1255 798 1376 860 litteris

174 913 360 975 discrimini
385 923 566 996 exemptus
590 915 674 978 est”.

219 1032 312 1114 Quid
344 1054 463 1097 revera
495 1034 620 1099 sactum
652 1037 696 1098 sit
727 1057 746 1099 e
777 1037 887 1100 Taciti
920 1036 1032 1100 verbis
1063 1037 1121 1099 vix
1144 1036 1279 1112 efficias,
1303 1044 1373 1099 tam

172 1153 325 1216 breviter
356 1163 391 1216 et
423 1153 566 1218 obscure
598 1155 765 1237 loquitur;
798 1157 880 1238 quid
908 1157 999 1219 enim
1023 1164 1076 1219 est
1103 1155 1231 1235 „obviis
1255 1155 1375 1218 litteris

173 1273 359 1336 discrimini
383 1273 523 1337 eximi”?
548 1274 752 1339 Coniectura
776 1276 914 1339 demum
938 1276 972 1338 et
992 1295 1110 1338 eorum
1130 1275 1163 1337 et
1184 1276 1289 1337 totius
1308 1274 1373 1337 loci

173 1413 311 1456 sensum
346 1395 568 1476 assequimur.
603 1396 779 1459 Facundia
810 1416 870 1458 sua
901 1403 936 1457 et
966 1395 1170 1458 auctoritate
1201 1394 1374 1457 Antonius

173 1512 358 1576 furentium
395 1514 539 1578 militum
577 1516 732 1577 manibus
763 1516 887 1598 eripuit
920 1514 1131 1589 Flavianum,
1165 1523 1210 1589 et,
1241 1522 1279 1577 ut
1309 1534 1374 1595 ego

173 1634 308 1715 opinor,
340 1634 373 1696 in
405 1654 467 1697 suo
499 1635 716 1698 abscondidit
739 1635 971 1711 tabernaculo,
996 1637 1086 1698 unde
1111 1643 1212 1697 nocte
1236 1635 1374 1697 demum

174 1754 303 1836 prodiit
336 1753 391 1816 ille
422 1762 457 1816 et
489 1774 507 1816 e
539 1755 657 1817 castris
689 1754 848 1837 profugit.
882 1755 923 1831 ln
952 1775 992 1817 ea
1017 1754 1095 1836 luga
1118 1755 1255 1817 obviam
1281 1754 1375 1817 venit

175 1872 379 1955 Vespasiani
409 1873 536 1937 nuntiis
561 1874 776 1956 quibusdam,
801 1875 888 1938 forte
912 1876 955 1938 ad
979 1875 1089 1957 ipsum
1113 1875 1243 1938 litteras
1267 1874 1374 1939 seren·

173 1993 277 2067 tibus,
308 1993 432 2074 quibus
463 1994 613 2057 munitus
644 1996 711 2057 iam
740 1995 773 2056 in
802 2004 912 2057 castra
935 1995 1045 2057 redire
1070 2002 1104 2057 et
1128 1995 1200 2057 sine
1225 1994 1374 2076 periculo

173 2113 220 2176 ibi
254 2132 391 2176 manere
424 2122 555 2195 potest:
588 2123 827 2197 argumentum
857 2115 947 2177 enim
972 2135 1087 2177 earum
1112 2114 1277 2177 eiusmodi
1302 2124 1374 2177 erat

176 2243 211 2296 ut
244 2233 310 2296 illis
341 2233 504 2316 inspectis
536 2254 578 2297 ne
609 2235 795 2298 turbulenti
827 2235 965 2316 quidem
990 2234 1047 2307 illi,
1073 2235 1158 2308 irati,
1183 2234 1373 2316 suspicaces

177 2353 302 2416 milites
334 2353 491 2416 dubitare
524 2363 661 2435 possent
688 2354 769 2436 quin
794 2355 885 2436 apud
911 2354 1160 2436 Vespasianum
1185 2354 1219 2416 in
1243 2372 1377 2416 summo

175 2481 265 2535 esset
290 2473 419 2536 honore
445 2472 637 2536 Flavianus.

217 2592 253 2655 A
286 2593 370 2655 mire
401 2592 615 2656 conformata
645 2593 815 2656 sententia
846 2593 965 2675 incipit
996 2591 1094 2655 huius
1126 2592 1201 2655 libri
1231 2593 1286 2673 (H.
1312 2592 1374 2673 ΙΙΙ)

172 2721 277 2795 caput
302 2727 361 2773 22:

215 2831 289 2912 „At
309 2831 513 2895 Vitellianus
530 2833 709 2907 exercitus,
729 2833 782 2895 cui
801 2832 1016 2914 acquiescere
1035 2831 1223 2896 Cremonae
1240 2840 1274 2894 et
1291 2833 1372 2894 reci·

162 2953 300 3030 peratis
323 2952 401 3014 cibo
426 2972 616 3034 somnoque
639 2952 767 3015 viribus
787 2951 980 3015 conlectum
1001 2952 1116 3032 algore
1136 2960 1239 3032 atque
1259 2950 1372 3013 inedia

156 3068 307 3137 hostem
333 3081 470 3154 postera
494 3073 550 3135 die
575 3071 754 3154 profligare
779 3091 817 3134 ac
844 3091 1004 3153 proruere
1030 3072 1116 3134 ratio
1141 3070 1212 3145 suit,
1237 3070 1371 3152 indigus

153 3191 325 3265 rectoris,
359 3193 458 3274 inops
490 3190 631 3265 consilii,
658 3191 759 3253 tertia
785 3190 889 3253 ferme
914 3191 1023 3253 noctis
1047 3190 1131 3253 hora
1155 3191 1280 3272 paratis
1304 3191 1370 3254 iam

146 3310 416 3394 dispositisque
442 3310 614 3373 Flavianis
638 3307 869 3392 impingitur”.

210 3428 311 3512 Quid
337 3429 530 3493 Vitellianis
554 3428 746 3491 laciendum
771 3428 870 3491 suerit
895 3430 1072 3511 perspicue
1097 3431 1295 3511 exponitur:
1316 3442 1369 3513 op-

124 3552 248 3623 pom·
272 3570 362 3612 nunc
387 3545 568 3632 oportebat
593 3551 626 3612 id
652 3551 744 3631 quod
769 3570 886 3613 revera
907 3550 1059 3612 lecerunt
1080 3550 1154 3632 (hac
1175 3551 1248 3631 ipsa
1269 3560 1369 3613 nocte

130 3662 189 3736 in
217 3671 362 3733 hostem
383 3679 462 3731 sunt
482 3669 655 3752 proiecti);
676 3669 757 3732 illud
779 3679 892 3733 autem
914 3690 982 3732 non
1004 3670 1137 3731 disertis
1157 3669 1279 3731 dicitur
1296 3690 1368 3731 ver-

128 3778 212 3854 bis
241 3788 306 3850 sed
331 3788 552 3869 cogitandum
577 3788 777 3869 relinquitur
800 3788 1008 3870 legentibus;
1030 3796 1187 3868 atquem
1208 3787 1366 3850 effectum

129 3897 328 3973 habuerit
362 3927 403 3969 ea
438 3928 500 3982 res,
536 3929 623 3989 quae
659 3909 868 3990 cogitatione
903 3917 955 3970 est
985 3908 1187 3991 supplenda,
1219 3909 1252 3970 id
1287 3930 1367 3972 vero

131 4027 348 4109 perspicue
385 4027 596 4090 enuntiatur:
637 4027 783 4109 „paratis
817 4027 884 4089 iam
920 4028 1161 4109 dispositisque
1195 4027 1367 4090 Flavianis

134 4138 402 4231 impingitur’'.

209 4265 259 4328 H.
280 4263 340 4337 ΙΙΙ,
363 4279 413 4345 32.
433 4263 621 4327 Cremonae
639 4266 873 4330 incendendae
889 4266 964 4347 quis
980 4275 1098 4328 auctor
1115 4265 1213 4328 fuerit
1227 4265 1366 4328 Tacitus

149 4398 237 4448 non
263 4382 431 4459 declarat;
458 4383 523 4446 hoc
547 4383 657 4447 solum
683 4394 812 4447 narrat:
