3210 5274
858 361 923 442 ²96

291 543 371 624 quin
404 543 472 604 sint
504 541 660 604 homines
691 550 761 604 tam
794 543 910 604 divina
940 542 1095 605 doctrina
1127 540 1274 623 praediti
1309 547 1348 602 ut
1373 538 1429 601 vel
1453 539 1495 602 ad

291 662 383 725 illam
408 662 526 744 longas
551 662 681 744 possint
706 662 919 725 conscribere
943 660 1182 724 annotationes
1206 680 1276 723 non
1302 660 1441 723 dubito.

337 902 518 964 Praeterea
540 901 583 962 ad
609 899 671 962 has
695 900 782 962 vitas
807 900 890 962 haec
916 900 1027 963 habeo
1050 919 1137 982 quae
1161 907 1345 961 annotem:

337 1020 447 1084 Galba
472 1022 485 1083 l
519 1020 711 1082 Romanum
737 1020 927 1101 imperium,
951 1021 1043 1101 quod
1069 1026 1146 1101 post
1171 1017 1319 1081 Neronis
1344 1027 1493 1081 mortem

292 1142 325 1202 in
359 1140 480 1203 multas
514 1148 627 1221 partes
661 1138 804 1201 divisum
837 1139 936 1201 simul
968 1160 1011 1201 ex
1043 1138 1156 1201 multis
1187 1138 1342 1220 partibus
1369 1139 1491 1201 iterum

292 1261 373 1322 coiit
406 1263 438 1322 in
470 1280 582 1335 unum,
617 1280 814 1341 perpessum
842 1261 926 1322 dicit
950 1254 1040 1333 ὅμοιοι
1065 1266 1127 1329 τοῖς
1152 1258 1335 1334 λεγομένοις
1360 1264 1491 1319 Τιτανι-

291 1386 356 1449 κοῖς
382 1378 493 1442 nnllam
518 1377 570 1441 nxl
598 1378 756 1454 κινήμοοοο.
782 1379 891 1460 Quem
914 1381 957 1442 de
981 1380 1159 1443 Titanibus
1179 1379 1291 1442 locum
1314 1380 1490 1461 poeticum

292 1501 346 1563 hic
371 1501 528 1582 respiciat
553 1499 750 1562 Plutarchus
775 1520 828 1561 me
853 1499 946 1561 latet.

337 1619 446 1683 Galba
479 1620 510 1682 ll
545 1618 724 1697 Νυμφίδιος
756 1616 818 1695 γὰρ
852 1616 990 1693 Σοοβῖνος
1016 1615 1053 1680 ὢν
1078 1614 1215 1696 ἔπαρχος
1241 1613 1343 1696 ὥσπερ
1368 1614 1488 1696 εἴρηται

292 1737 357 1801 xri.
381 1738 530 1802 Ubinam
549 1742 615 1802 iam
638 1748 738 1803 antea
757 1742 799 1803 de
814 1738 1027 1821 Nymphidio
1041 1737 1238 1801 Plutarchus
1251 1748 1325 1801 erat
1337 1737 1490 1802 locutus?

337 1860 381 1921 ib.
408 1859 640 1940 Nymphidius
664 1880 745 1941 ergo
770 1867 900 1922 tantam
926 1858 1088 1921 militibus
1113 1858 1290 1940 pecuniam
1318 1859 1490 1940 pollicitus

293 1988 353 2052 est,
378 1987 541 2059 quantam
566 1979 723 2061 colligere
745 1999 812 2041 non
834 1987 978 2061 poterat,
1001 1978 1063 2041 nisi
1085 1977 1191 2040 multo
1213 1977 1365 2059 pluribus
1385 1999 1488 2060 quam

295 2098 386 2160 Nero
419 2119 537 2160 omnes
571 2098 730 2161 mortales
760 2098 909 2161 afficeret
943 2098 1057 2161 malis:
1087 2100 1177 2160 τοῦτο
1210 2095 1284 2175 γὰρ
1317 2096 1406 2166 εὐθὺς
1432 2096 1489 2169 μὲν

293 2216 441 2279 οἷο-ὤλεσε
475 2214 612 2293 Νέονονοο,
644 2219 717 2293 μετ’
741 2215 846 2292 ὀλίγον
879 2215 909 2279 δὲ
934 2215 1081 2292 Γοὶλβοον.
1105 2216 1168 2279 Τὸν
1190 2216 1247 2292 μὲν
1271 2215 1344 2294 γὰρ
1369 2217 1409 2287 ὡς
1435 2232 1489 2289 λη-

293 2335 421 2418 ψόμενον
447 2337 631 2414 προήκαντο,
652 2335 703 2399 τὸν
724 2335 756 2399 δὲ
776 2336 820 2412 μὴ
842 2333 1063 2412 λαμβάνοντες
1085 2333 1284 2400 ἀπέκτεινον.
1311 2337 1359 2401 Ut
1372 2338 1490 2400 omnia

294 2459 381 2520 bene
407 2458 597 2529 decurrant,
624 2457 715 2539 prius
738 2455 801 2533 γάρ
826 2458 859 2520 in
883 2455 914 2519 δέ
941 2459 1141 2520 mutandum
1166 2468 1227 2520 est.

338 2577 382 2638 ib.
408 2575 454 2637 τὰ
480 2574 536 2650 μὲν
561 2568 609 2635 οὖν
635 2575 703 2635 καθ’
727 2570 851 2636 iuxere
875 2580 933 2639 τῶν
958 2574 1151 2652 γιγνομένων
1164 2573 1391 2652 ἀπαγγέλλειν
1404 2574 1491 2653 οἶκοι·

292 2692 357 2769 βὼς
382 2699 438 2762 τῆς
463 2698 690 2770 πρκγμοοτοκῆς
717 2692 852 2771 ἱστοοίοος
879 2694 973 2759 ἐστίν.
1000 2697 1109 2759 Immo
1133 2693 1178 2758 τό.

339 2812 447 2875 Galba
472 2812 522 2874 Ill
560 2813 717 2874 Lutatius
749 2813 889 2877 Catulus
922 2815 971 2877 vir
1003 2815 1064 2878 fuit
1096 2817 1153 2898 qui
1186 2817 1311 2879 virtute
1342 2815 1494 2880 etfama

293 2931 491 3013 aequalibus
515 2941 713 3013 praestaret,
740 2933 765 2996 εἰ
790 2933 843 2995 xxi
865 2931 900 2997 ro*
923 2932 1071 2998 attacta
1096 2939 1260 3010 μᾶλλον
1285 2934 1359 2998 ἑκὼν
1378 2934 1493 3014 ἑτέροις

293 3056 441 3128 rapiam.
478 3050 587 3113 Immo
620 3050 736 3132 μεῖζον.
770 3054 842 3116 Nisi
876 3054 987 3115 hiatus
1011 3055 1141 3117 vitandi
1166 3075 1266 3117 causa
1291 3055 1493 3118 Plutarchus

293 3191 313 3231 a
346 3169 446 3232 solito
481 3169 662 3232 verborum
699 3171 818 3234 ordine
854 3173 1056 3247 recessisset,
1092 3175 1221 3237 dudum
1254 3175 1373 3237 vitium
1408 3175 1492 3239 illud

293 3299 382 3353 esset
406 3290 633 3353 observatum.
659 3290 742 3371 Quis
767 3292 857 3353 enim
881 3292 915 3353 τὸ
939 3295 1063 3367 μᾶλλον
1089 3291 1235 3356 δύνασθον
1261 3292 1414 3357 tulisset?

338 3409 447 3472 Galba
471 3410 521 3472 lV
554 3410 738 3491 Postquam
771 3420 987 3474 enumeratae
1019 3422 1097 3475 sunt
1129 3434 1249 3476 causae
1278 3415 1402 3495 quibus
1425 3414 1491 3477 sibi

294 3529 551 3611 provincialium
577 3547 729 3590 amorem
755 3529 949 3593 conciliavit
975 3530 1094 3608 Galba,
1117 3534 1165 3595 sic
1190 3534 1300 3615 pergit
1325 3534 1491 3597 narratio:

294 3647 346 3710 aa}
379 3647 456 3726 γὰρ
488 3641 521 3719 ἦν
553 3646 606 3719 ἤδη
641 3649 769 3720 συνήθης
806 3646 872 3718 ἔτος
898 3648 1001 3725 ὄγδοον
1028 3651 1122 3714 ἐκεῖνο
1147 3652 1201 3725 τὴν
1226 3650 1328 3731 ἀρχὴν
1352 3649 1435 3730 ἔχων
1460 3653 1492 3715 ἕν

293 3759 458 3845 ᾦἸούνοος
494 3766 620 3837 odwini
652 3768 809 3842 ἕποονέοτη
840 3769 954 3847 Νέρωνι
988 3769 1053 3833 uri.
1088 3772 1209 3854 Pergit,
1241 3773 1306 3849 aie,
1331 3774 1494 3850 narratio,

294 3908 374 3969 ergo
396 3888 484 3951 istud
506 3887 569 3966 γοὶο
591 3889 811 3953 eximendum
833 3902 893 3953 est.
916 3891 996 3953 Post
1018 3889 1072 3952 κνοί
1091 3911 1202 3973 aequo
1215 3892 1341 3967 anim0,
1359 3892 1494 3974 opinor,

293 4007 423 4069 hiatum
448 4008 525 4070 tulit
551 4009 757 4073 Plutarchus.

338 4125 447 4189 Galba
468 4127 501 4190 V
534 4128 716 4191 Vindicem
738 4130 830 4193 Nero
851 4131 1103 4206 contemnebat,
1124 4133 1184 4194 sed
1204 4131 1322 4195 audito
1344 4128 1492 4197 Galbam

292 4244 336 4307 ab
357 4265 399 4307 eo
419 4245 462 4307 ad
484 4246 663 4328 imperium
684 4257 842 4312 vocatum
864 4251 1058 4314 vehementi
1079 4261 1207 4314 terrore
1228 4259 1279 4314 est
1300 4251 1490 4333 perculsus;

294 4362 406 4445 paulo¹
420 4372 498 4446 post
520 4366 648 4447 scurrili
673 4367 749 4431 ioco
769 4377 899 4432 metum
919 4369 1012 4432 illum
1032 4370 1284 4434 dissimulabat:
1304 4366 1489 4449 οὐφοούλην
