3210 5274
522 369 565 450 36

1 545 116 608 emus?
136 547 224 609 Tum
245 548 335 609 enim
357 545 504 610 Serenus
516 544 712 630 provocabit
731 543 852 624 filium,
872 544 925 605 sic
947 543 1035 606 iere:
1052 541 1119 623 ,qui

1 667 54 728 ‘bis
75 687 160 748 opus
180 665 251 728 est?
273 667 373 729 rebus
393 675 428 728 et
447 666 545 729 iactis
563 683 721 747 agamus:
743 664 855 745 prode
875 662 967 725 alios
980 663 1119 726 conscio

33 785 97 846 hoc
130 785 298 847 iudicibus
328 794 362 847 te
388 804 623 867 persuasurum
649 790 748 865 putas
772 783 806 844 in
833 792 908 844 tam
935 784 1118 865 ancipitia

0 925 79 985 ·que
116 906 254 985 negotio
288 925 341 967 me
373 925 476 967 unum
508 913 642 968 tantum
675 902 836 965 habuisse
870 901 1074 965 conscium?
1102 901 1118 963 l

0 1025 88 1086 dere
102 1024 185 1087 alios
199 1045 265 1087 non
277 1023 436 1107 poteris”.
446 1025 546 1088 Nunc
555 1043 691 1106 quoque
700 1021 914 1104 intelligendi
922 1022 1070 1085 verbum
1080 1041 1117 1083 ea

0 1153 50 1206 et
74 1145 142 1206 vim
168 1164 271 1226 quam
291 1165 393 1226 supra
414 1145 528 1207 monui
549 1145 580 1206 ei
601 1144 721 1205 inesse.
741 1141 851 1223 (Belg.
872 1143 913 1205 de
927 1145 1045 1225 praes
1059 1152 1116 1223 opt

33 1284 143 1325 nemen
164 1272 199 1325 et
220 1263 353 1326 novicio
374 1264 525 1326 omnium
547 1262 751 1345 populorum
772 1261 883 1324 verbo
904 1275 1115 1327 constateeret

25 1390 38 1443 t
63 1403 150 1463 quae
174 1383 217 1444 de
242 1382 316 1463 lege
338 1381 442 1463 Papia
464 1381 623 1464 Poppaea
643 1380 914 1462 criminibusque
937 1401 986 1443 ex
1008 1402 1048 1444 ea
1068 1388 1114 1442 nal

36 1502 95 1575 ΙΙΙ,
131 1504 183 1584 25)
210 1511 323 1565 narrat
347 1502 496 1575 Tacitus,
521 1502 687 1564 eiusmodi
712 1508 802 1575 sunt,
827 1509 866 1562 ut
892 1510 971 1564 tota
997 1522 1050 1564 res
1073 1520 1112 1582 qu

1 1622 51 1683 do
82 1642 199 1683 revera
231 1642 266 1683 se
299 1620 455 1683 habuerit
483 1629 600 1683 nostro
624 1619 863 1701 exputandum
890 1620 1034 1701 ingenio
1058 1618 1111 1682 reli

0 1749 81 1815 tur,
103 1741 204 1821 idque
229 1761 295 1803 non
316 1740 441 1802 librarii
463 1740 562 1822 culpa
578 1739 638 1801 sed
652 1739 731 1820 quia
745 1740 817 1820 ipse
831 1739 1020 1802 historicus
1033 1758 1110 1819 vagu

16 1860 194 1921 tummodo
229 1860 362 1940 accepit
393 1878 573 1933 rumorem,
605 1878 707 1940 quem
738 1859 785 1920 ita
818 1860 1005 1921 exornavit
1037 1866 1073 1919 ut
1101 1878 1108 1917 ι

2 1999 55 2040 am
81 1980 290 2041 atrocissima
314 1980 485 2041 evaderet.

0 2104 18 2153 Ι·
31 2097 155 2159 elatum
178 2098 301 2160 deinde
323 2098 365 2159 de
388 2097 597 2159 moderanda
618 2095 722 2178 Papia
736 2095 911 2177 Poppaea,
925 2117 1030 2178 quam
1044 2097 1106 2158 seni

0 2245 2 2269 ι
11 2224 128 2295 gustus
153 2225 229 2297 post
256 2216 356 2278 Iulias
380 2217 573 2297 rogationes
597 2215 778 2277 incitandis
794 2213 815 2295 ¹)
840 2215 1014 2278 caelibum
1036 2235 1105 2298 poet

7 2335 164 2414 augendo
185 2336 314 2397 aerario
333 2343 501 2397 sanxerat.
524 2334 596 2396 Nec
617 2333 695 2395 ideo
711 2333 870 2413 coniugia
882 2342 919 2394 et
932 2334 1104 2395 educatior

1 2472 134 2514 erorum
159 2452 470 2534 frequentabantur,
494 2451 689 2533 praevalida
708 2450 872 2512 orbitate:
895 2461 1049 2513 ceterum
1070 2470 1102 2511 m

21 2572 65 2632 do
91 2573 353 2653 periclitantium
377 2572 552 2652 gliscebat,
577 2591 654 2632 cum
678 2571 788 2631 omnis
813 2569 938 2631 domus
962 2568 1102 2631 delatori

8 2692 293 2772 erpretationibus
328 2692 591 2766 subverteretur,
622 2699 726 2773 utque
757 2688 905 2751 antehac
939 2687 1075 2771 flagitiis

18 2829 35 2871 c
60 2809 191 2890 legibus
215 2810 442 2873 laborabatur.

1 2928 46 2989 Et
71 2937 149 3009 post
172 2927 309 3009 longam
334 2929 577 3010 digressionem
603 2949 631 2991 c.
658 2928 713 2990 28:

11 3047 143 3109 eriora
167 3070 210 3110 ex
234 3069 275 3110 eo
300 3048 444 3123 vincula,
470 3048 568 3111 inditi
593 3049 752 3110 custodes
776 3054 810 3109 et
833 3046 909 3128 lege
934 3046 1042 3129 Papia
1066 3046 1101 3108 P<

5 3187 39 3227 ·a
64 3168 222 3247 praemiis
242 3168 380 3241 inducti,
403 3176 439 3229 ut
460 3170 486 3229 si
507 3188 527 3229 a
546 3166 730 3249 privilegiis
752 3174 932 3248 parentum
952 3174 1101 3228 cessaret

0 3295 45 3347 lut
79 3307 201 3368 parens
234 3289 384 3351 omnium
416 3287 561 3370 populus
593 3287 749 3348 vacantia
780 3294 924 3347 teneret.
958 3284 1028 3349 Sed
1052 3286 1100 3348 alt

24 3404 191 3476 etrabant,
226 3404 410 3486 urbemque
440 3415 474 3468 et
499 3407 641 3479 ltaliam,
668 3412 703 3467 et
727 3404 819 3486 quod
845 3423 989 3492 usquam
1015 3405 1102 3466 civiu

14 3524 196 3605 ripuerant,
230 3520 479 3604 multorumque
511 3525 614 3586 excisi
646 3531 763 3585 status
790 3522 835 3584 Et
859 3531 969 3585 terror
993 3523 1103 3586 omnil

1 3642 196 3715 tentabatur,
231 3641 263 3701 ni
296 3639 451 3702 Tiberius
473 3643 656 3703 statuendo
680 3640 831 3702 remedio
855 3639 1008 3720 quinque
1033 3663 1104 3705 cons

1 3764 84 3835 ium,
117 3761 266 3841 quinque
298 3779 316 3820 e
349 3760 534 3840 praetoriis,
565 3760 709 3822 totidem
733 3780 751 3821 e
777 3767 892 3820 cetero
915 3769 1038 3821 senatu
1063 3783 1105 3825 so*

3 3883 117 3954 xisset,
142 3889 225 3960 aput
249 3899 334 3959 quos
354 3879 497 3940 exsoluti
519 3877 671 3960 plerique
691 3878 775 3960 legis
795 3897 903 3940 nexus
923 3879 1101 3943 modicum

0 4020 114 4060 escns
139 3999 368 4060 levamentum
396 3996 497 4059 suere.

1 4195 18 4259 ι)
39 4194 195 4256 Corruptum
215 4208 270 4241 esse
290 4194 384 4257 opinor
403 4193 546 4241 incitandis
565 4207 666 4256 proque
686 4208 717 4240 eo
737 4192 902 4240 intendendis
920 4192 1066 4257 legendum
1085 4197 1111 4263 (ἱ,

0 4281 100 4344 endis).
126 4278 166 4326 Cl.
194 4280 263 4327 Ano.
290 4279 337 4343 IV,
356 4293 370 4327 2
390 4279 442 4326 vim
458 4278 644 4343 praefecturae
663 4278 786 4326 eruditam
806 4285 883 4327 antea
903 4279 1029 4330 intendit.
1050 4282 1102 4348 IV,

12 4366 64 4412 iam
85 4363 208 4412 intendit.
229 4364 304 4428 xlll,
324 4377 358 4412 20
377 4365 457 4412 luxus
477 4365 618 4413 intendere.
