3210 5274
792 396 832 444 10

211 559 303 640 quod
336 557 398 620 viri
430 558 522 621 docti
555 559 598 622 de
628 558 750 622 Tacito
784 558 1033 640 Plutarchoque
1065 578 1083 619 e
1115 558 1288 621 communi
1313 559 1408 623 fonte

212 677 445 741 haurientibus
469 685 548 740 sunt
572 679 768 742 commenti.

255 796 456 861 Admodum
488 799 629 860 invento
661 818 738 860 meo
769 797 973 881 gaudebam,
1003 798 1190 879 quantique
1215 797 1295 861 illud
1321 808 1411 862 esset

212 917 376 980 momenti
409 917 517 998 probe
549 916 792 999 intelligebam.
825 916 994 980 Nolebam
1026 924 1142 979 tamen
1174 917 1241 980 iam
1270 926 1351 981 tunc
1376 918 1410 981 in

213 1038 364 1100 medium
396 1036 555 1119 proferre.
584 1038 678 1100 Iacet
702 1038 793 1100 enim
818 1038 851 1100 in
876 1037 1006 1099 scriniis
1031 1037 1114 1099 meis
1137 1037 1283 1119 spissum
1307 1057 1412 1101 anno·

213 1156 382 1217 tationum
402 1155 445 1217 ad
465 1155 623 1219 Tacitum
644 1155 814 1230 volumen,
835 1164 992 1218 accurate
1015 1156 1222 1238 digestarum
1236 1157 1412 1238 nitideque

214 1274 493 1356 perscriptarum:
526 1274 599 1338 illas
631 1284 665 1337 et
696 1275 829 1357 privata
860 1274 962 1337 lectio
994 1283 1028 1338 et
1060 1274 1116 1338 illa
1146 1295 1222 1337 cum
1247 1274 1412 1339 commili-

213 1393 351 1455 tonibus
377 1392 546 1474 colloquia
570 1393 652 1456 mihi
676 1393 955 1476 suppeditarunt;
981 1393 1135 1475 quotidie
1159 1392 1227 1456 sere
1252 1395 1331 1456 novi
1353 1394 1411 1457 ali·

214 1514 296 1595 quid
327 1514 461 1578 accedit
485 1523 543 1577 aut
567 1515 660 1596 quod
685 1513 765 1576 olim
789 1515 953 1596 scriptum
978 1523 1030 1577 est
1054 1513 1108 1576 vel
1131 1514 1333 1576 emendatur
1357 1515 1411 1578 vel

213 1653 304 1696 novo
335 1633 504 1696 stabilitur
535 1640 746 1715 argumento.
780 1633 983 1715 Diuque-
1007 1653 1086 1695 nam
1118 1632 1175 1695 diu
1201 1640 1252 1695 est
1276 1652 1319 1694 ex
1343 1653 1411 1714 quo

217 1753 331 1814 omnia
351 1754 415 1815 ista
435 1753 597 1816 mandare
617 1752 742 1815 chartis
762 1753 859 1834 coepi
872 1789 916 1798 -
929 1772 1007 1835 spes
1028 1772 1082 1815 me
1102 1753 1212 1815 tenuit
1229 1751 1414 1833 aliquando

216 1891 271 1933 me
295 1872 374 1934 inde
398 1870 526 1953 aliquid
550 1891 623 1935 esse
648 1872 915 1953 compositurum
940 1871 1033 1952 quod
1055 1891 1159 1933 unum
1179 1880 1272 1958 esset.
1288 1879 1414 1934 totum·

217 2010 294 2071 que,
318 1992 454 2073 iamque
478 1990 647 2053 Analecta
670 1990 811 2053 Tacitea
836 1989 1013 2053 Analectis
1038 1988 1300 2072 Xenophonteis
1323 1990 1415 2052 socia

216 2109 351 2172 dabam.
377 2109 445 2174 Sed
470 2110 552 2173 illud
576 2110 755 2191 aliquando
778 2108 878 2190 longe
902 2109 1005 2172 etiam
1030 2117 1199 2171 remotum
1224 2109 1414 2172 videbatur.

217 2228 283 2290 Hic
311 2248 365 2291 me
390 2229 495 2292 diaria
520 2214 726 2311 philologica
750 2229 930 2291 certiorem
954 2227 1125 2291 faciebant
1149 2229 1193 2290 de
1217 2227 1414 2291 Woelfflinii

215 2347 250 2410 in
282 2347 471 2411 Academia
504 2348 702 2410 Monacensi
735 2349 889 2410 oratione
920 2346 1048 2410 habita.
1081 2347 1169 2410 Emo
1202 2346 1353 2410 libellum
1378 2354 1414 2409 et

215 2469 328 2551 legere
359 2468 503 2550 incipio:
536 2469 603 2530 iam
635 2468 742 2530 tribus
774 2467 906 2550 paginis
938 2466 1096 2549 perlectis
1127 2467 1314 2531 certissima
1341 2487 1414 2530 esse

214 2587 325 2667 ‚multa
344 2607 432 2669 quae
453 2587 503 2649 vir
523 2606 673 2649 summus
691 2586 809 2650 afferat
830 2586 994 2669 intelligo,
1016 2587 1168 2650 nondum
1189 2595 1304 2650 tamen
1319 2587 1416 2668 quid·

215 2686 321 2789 quam
344 2706 446 2768 video
470 2705 562 2788 quod
587 2713 718 2769 tantam
744 2706 870 2770 habeat
893 2707 1120 2789 persuadendi
1144 2706 1224 2781 vim,
1250 2715 1416 2787 quantum

217 2845 321 2887 unum
353 2824 435 2889 illud
468 2834 705 2907 argumentum
738 2825 830 2906 quod
863 2844 928 2908 ego
960 2846 980 2888 a
1011 2824 1301 2888 commilitonibus
1333 2825 1417 2887 meis

217 2953 355 3007 coactus
379 2944 586 3008 inveneram.
613 2945 721 3027 Pergo
745 2945 846 3026 igitur
870 2945 974 3026 idque
1000 2945 1103 3007 corde
1129 2944 1276 3006 micante
1285 2971 1293 3019 ;
1314 2964 1416 3026 spero

217 3065 308 3126 enim
333 3100 376 3110 —
399 3085 458 3127 cur
482 3065 547 3127 hoc
567 3061 750 3128 reticeam?
770 3100 813 3109 -
835 3065 878 3127 de
900 3063 1047 3127 Othonis
1067 3063 1290 3145 praetorianis
1310 3063 1417 3144 impe·

217 3182 341 3244 ratoris¹
363 3183 413 3244 sui
438 3201 539 3247 causa
562 3183 849 3247 tumultuantibus
873 3182 944 3246 sore
968 3183 1151 3257 silentium,
1175 3182 1311 3263 iamque
1334 3180 1417 3244 mihi

218 3300 328 3364 laetus
359 3298 524 3383 promitto
556 3303 621 3365 boc
652 3323 705 3364 me
730 3301 926 3384 exemplum
952 3301 1159 3365 Woelfflinio
1182 3300 1418 3383 suppeditatu-

219 3441 292 3483 rum
307 3469 314 3484 .
329 3469 336 3482 .
351 3468 381 3483 ..
407 3420 489 3483 nihil
514 3423 605 3485 enim
629 3423 806 3485 iucundius
832 3421 913 3484 mihi
934 3431 985 3484 est
1007 3440 1109 3503 quam
1131 3442 1193 3504 pro
1213 3419 1299 3484 virili
1321 3428 1418 3502 parte

219 3541 352 3602 efficere
384 3549 422 3602 ut
453 3548 616 3622 appareat
643 3540 771 3604 sactum
796 3562 863 3604 non
889 3561 961 3604 esse
986 3542 1079 3623 quod
1104 3539 1175 3603 fieri
1201 3561 1269 3603 non
1294 3540 1417 3622 potuit.

220 3658 270 3720 At
302 3679 383 3721 mox
407 3659 488 3721 mihi
512 3660 673 3742 gaudium
699 3660 790 3735 illud,
816 3662 908 3742 quod
933 3662 1047 3724 animo
1072 3662 1139 3724 iam
1165 3679 1416 3743 praeceperam,

219 3779 375 3860 eripitur;
410 3780 534 3861 pagina
566 3780 657 3842 enim
686 3796 731 3858 40
754 3789 863 3843 totam
887 3800 959 3843 rem
983 3788 1140 3843 accurate
1164 3781 1335 3861 docteque
1360 3799 1418 3842 ex·

219 3898 365 3978 positam
389 3898 501 3961 video.

265 4016 398 4097 Ecquid
430 4016 577 4081 doluisse
610 4038 664 4081 me
696 4016 816 4101 putas?
840 4017 1024 4101 Paulisper,
1049 4018 1167 4082 fateor.
1194 4019 1278 4080 Mox
1301 4026 1418 4080 tamen

221 4135 317 4198 dolor
342 4136 396 4198 ille
421 4138 521 4199 cessit
545 4137 693 4200 laetitiae
719 4136 826 4199 multo
850 4137 1017 4200 vividiori.
1046 4137 1169 4200 Nonne
1190 4136 1280 4199 enim
1302 4135 1419 4198 iucun-

219 4254 282 4317 dus
313 4275 390 4318 cum
418 4264 515 4318 tanto
540 4256 611 4318 viro
637 4254 839 4319 consensus?
866 4255 911 4318 Et
936 4257 1018 4338 quid
1042 4257 1166 4318 attinet
1190 4254 1266 4336 quis
1290 4254 1419 4336 primus

220 4375 386 4438 invenerit
421 4374 560 4457 aliquid,
597 4376 784 4438 dummodo
818 4375 862 4437 sit
893 4395 1012 4437 verum
1044 4383 1079 4438 et
1112 4373 1261 4456 aliquam
1292 4371 1418 4436 habeat
