3210 5274
655 390 714 455 103

262 547 314 613 Sit
338 549 435 626 cato,
460 552 542 614 dum
567 553 661 628 vivit,
686 574 767 617 sane
793 555 846 618 vel
870 555 1015 619 Caesare
1039 555 1160 618 maior:

304 669 395 731 Dum
420 671 572 747 moritur,
597 673 762 755 numquid
790 675 897 737 maior
922 673 1060 738 Othone
1084 672 1167 736 suit?

121 788 160 850 In
186 787 316 851 deliciis
340 809 413 852 esse
437 787 478 851 rui
503 789 642 868 τραγικά
668 792 790 856 Tacito
816 802 950 857 constat
971 801 1006 856 et
1026 793 1089 876 ipsi
1110 793 1143 855 id
1166 814 1280 856 exem·

73 905 141 989 plis
176 906 411 971 demonstrare
448 911 562 985 conati
598 930 727 987 sumus;
767 912 826 974 sed
864 913 957 994 quod
994 911 1189 994 exemplum
1224 911 1279 974 hic

75 1026 315 1090 Mommsenus
337 1028 463 1103 attulit,
489 1029 523 1091 id
549 1030 641 1112 prius
666 1030 764 1094 finxit
788 1032 871 1113 ipse.

124 1146 170 1209 H.
194 1147 238 1221 11,
265 1161 316 1228 51.
343 1148 423 1211 Post
447 1169 598 1232 pugnam
623 1151 903 1213 Bedriacensem:

128 1257 274 1347 ,earum
307 1288 395 1350 quae
428 1269 564 1332 Brixelli
596 1278 746 1352 egerant,
773 1270 964 1333 cohortium
989 1289 1107 1352 preces
1131 1271 1279 1334 Rubrius

78 1386 198 1451 Gallus
221 1387 300 1450 tulit
324 1396 358 1450 et
383 1389 481 1451 venia
505 1390 621 1452 statim
645 1391 838 1472 impetrata,
859 1390 1127 1453 concedentibus
1145 1391 1189 1453 ad
1211 1390 1278 1452 vic·

76 1515 189 1570 torem
215 1528 275 1589 per
300 1507 457 1571 Flavium
482 1508 646 1573 Sabinum
671 1510 710 1572 iis
734 1509 841 1591 copiis
865 1509 988 1591 quibus
1008 1508 1232 1591 praefuerat'’.

125 1627 206 1690 Post
230 1629 470 1692 concedentibus
494 1629 646 1692 Ritterus
671 1630 809 1692 inseruit
832 1651 965 1712 quoque,
989 1630 1049 1692 sed
1075 1630 1122 1692 ita
1145 1630 1277 1711 ingrate

74 1747 166 1810 inter
197 1767 234 1809 se
261 1749 446 1829 iunguntur
471 1749 558 1811 duae
583 1768 636 1811 res
660 1749 824 1811 diversae.
851 1749 1020 1830 Equidem
1045 1748 1195 1812 ablativo
1219 1750 1276 1813 ab·

73 1865 189 1931 soluto
213 1867 454 1931 concedentibus
578 1869 621 1930 iis
644 1868 756 1951 copiis,
781 1868 904 1950 opinor
923 1869 1084 1932 rationem
1105 1869 1202 1931 reddi
1218 1890 1277 1931 cur

73 1987 240 2050 adversus
271 1986 430 2050 cohortes
460 1986 534 2050 illas
565 1995 635 2050 tam
664 1986 848 2069 placabiles
871 1987 995 2050 suerint
1020 1989 1182 2064 victores;
1208 2009 1276 2052 non

75 2107 168 2170 enim
193 2106 268 2169 leve
293 2115 366 2169 erat
390 2107 482 2189 quod
507 2105 583 2169 illae
604 2107 723 2189 copiae
745 2107 944 2182 transibant,
967 2128 1054 2189 quae
1074 2109 1176 2189 paulo
1196 2118 1276 2171 ante

75 2228 116 2309 (c.
152 2241 192 2308 35
214 2227 278 2308 sq.)
306 2226 340 2289 in
364 2226 493 2308 proelio
518 2226 586 2301 illo,
611 2228 704 2307 quod
730 2226 848 2290 navale
873 2226 941 2290 sere
966 2225 1038 2301 suit,
1063 2235 1158 2289 tanta
1183 2227 1276 2290 exhi·

77 2346 224 2409 buerant
244 2346 392 2428 negotia.
413 2345 545 2409 Vereor
565 2355 680 2408 tamen
702 2355 739 2410 ut
759 2348 875 2409 omnia
891 2355 981 2409 recte
999 2367 1034 2409 se
1049 2347 1103 2409 hic
1115 2346 1276 2423 habeant,

77 2486 157 2528 nam
181 2465 274 2547 quod
289 2477 354 2548 per
375 2465 530 2527 Flavium
552 2464 717 2529 Sabinum
737 2485 797 2528 eae
819 2466 939 2548 copiae
959 2467 1153 2530 concedunt
1173 2467 1275 2529 docu-

78 2594 197 2648 mento
217 2595 269 2648 est
289 2584 382 2647 illum
396 2585 436 2647 iis
448 2585 643 2647 etiamnunc
650 2596 813 2666 praeesse.
828 2585 1005 2648 Excidisse
1020 2605 1144 2648 nomen
1157 2585 1275 2648 Macer

74 2704 231 2787 suspicor
251 2704 385 2787 (quibus
404 2703 523 2767 Macer
536 2704 768 2787 praefuerat),
790 2714 825 2766 ut
847 2705 901 2766 hic
918 2704 961 2767 de
978 2704 1097 2768 iisdem
1114 2704 1276 2767 militibus

73 2844 214 2907 prorsus
238 2823 329 2887 idem
353 2824 486 2886 dicatur
509 2823 602 2904 quod
627 2842 655 2884 c.
682 2823 734 2904 36.

119 2943 166 3007 H.
194 2943 238 3017 11,
264 2943 314 3023 56.
351 2942 529 3022 ,Ceterum
562 2941 660 3004 Italia
691 2942 827 3024 gravius
858 2951 961 3023 atque
992 2943 1140 3005 atrocius
1171 2962 1273 3023 quam

68 3063 168 3129 bello
189 3060 447 3127 afflictabatur”.
470 3062 550 3125 Post
570 3062 718 3126 atrocius
738 3062 882 3125 Haasius
903 3063 1018 3124 inserit
1037 3063 1197 3140 victoria,-
1213 3063 1273 3125 sed

59 3186 119 3248 sic
143 3183 254 3266 perire
275 3183 409 3245 videtur
428 3202 571 3244 acumen
590 3181 764 3263 quoddam
782 3182 903 3244 Tacito
920 3189 1125 3264 pergratum.
1144 3181 1273 3244 Bellum

56 3301 143 3368 iam
168 3322 237 3365 non
262 3311 335 3365 erat
358 3302 392 3364 in
417 3301 525 3376 Italia,
549 3301 709 3383 dispersis
733 3322 792 3384 per
816 3301 999 3383 municipia
1024 3302 1219 3376 victoribus,
1239 3311 1275 3364 at

53 3424 141 3486 alia
173 3442 263 3485 nunc
295 3442 347 3484 res
378 3422 535 3485 miseram
567 3422 740 3503 regionem
773 3420 969 3495 afflictabat,
1000 3422 1102 3503 idque
1127 3423 1274 3484 atrocius

52 3562 181 3626 quam
206 3539 344 3603 bellum.

119 3660 167 3723 H.
198 3660 241 3734 ΙΙ,
274 3661 326 3742 78.
361 3659 410 3722 Ut
441 3660 620 3742 imperium
652 3667 808 3741 capessat
840 3659 1088 3740 Vespasianum
1121 3658 1274 3722 hortatur

48 3780 233 3843 oratione
266 3779 452 3853 Mucianus,
484 3778 663 3840 hortantur
696 3777 819 3840 milites
851 3798 1012 3860 responsa
1043 3786 1158 3840 vatum
1192 3777 1274 3840 res-

49 3907 202 3972 renteS,
226 3905 262 3960 et
285 3898 357 3981 ipse
382 3917 519 3980 quoque
543 3898 658 3960 animo
683 3897 854 3959 recolebat
879 3897 1003 3971 omina,
1026 3897 1149 3979 quibus
1169 3898 1275 3960 multo

48 4027 156 4081 ante
181 4037 316 4079 summa
338 4017 402 4080 sibi
428 4026 516 4080 esset
541 4016 707 4080 claritudo
732 4017 911 4098 promissa:

123 4136 205 4215 ,sed
227 4137 338 4217 primo
357 4136 575 4218 triumphalia
596 4144 631 4197 et
648 4135 805 4197 Iudaicae
822 4135 985 4197 victoriae
1002 4136 1105 4198 decus
1120 4136 1276 4219 implesse

60 4255 181 4318 fidem
211 4255 336 4318 ominis
359 4256 580 4319 videbantur:
606 4262 643 4317 ut
666 4253 750 4315 haec
774 4254 919 4335 adeptus
944 4264 1004 4328 est,
1031 4257 1187 4339 portendi
1212 4255 1275 4318 sibi

66 4371 260 4457 imperium
285 4375 480 4438 credebat'’.
