3210 5274
643 373 706 441 257

85 538 208 619 opinor
234 539 354 617 ‚etiam
378 523 570 602 ardentes”.
595 539 645 601 At
670 541 815 603 nuncin
840 542 951 622 priore
971 544 1161 606 sententiae
1182 554 1278 626 parte

87 658 182 720 deest
212 656 340 739 aliquid
371 658 463 739 quod
495 659 549 721 isti
586 659 707 738 „etiam
739 660 919 722 ardentes”
951 670 1042 724 recte
1073 672 1276 744 opponatur,

86 776 178 858 quod
210 777 272 839 nisi
302 777 417 859 aliquo
449 778 553 840 modo
576 787 628 840 est
651 798 860 860 expressum,
885 799 1074 861 pronomen
1098 783 1205 845 eodem
1230 782 1278 845 nil

85 891 190 956 habet
220 914 288 976 quo
320 895 492 958 referatur.
525 896 661 978 Integra
693 898 756 959 erit
780 899 960 973 sententia,
985 900 1012 961 si
1038 900 1085 961 sic
1109 900 1277 982 legemus:

90 1015 211 1094 „etiam
242 1034 329 1095 quae
360 1014 545 1096 longinqua
576 1036 693 1079 secura
724 1017 950 1093 crediderant,
983 1018 1016 1080 in
1048 1019 1170 1081 eodem
1200 1039 1278 1082 casu

86 1133 333 1214 reperiebant.”
358 1134 479 1216 Neque
504 1134 591 1197 male
616 1156 678 1217 pro
701 1157 817 1199 secura
842 1137 888 1198 ibi
909 1148 991 1211 tuta,
1014 1138 1147 1220 integra
1167 1139 1277 1200 simm.

87 1271 262 1334 ponemus,
287 1256 391 1317 modo
414 1254 477 1317 hac
502 1255 632 1317 ratione
657 1255 768 1318 locum
793 1256 1001 1338 expleamus,

131 1493 170 1554 In
192 1493 383 1555 narratione
403 1495 446 1556 de
466 1495 588 1556 eodem
610 1494 767 1556 incendio
788 1515 889 1576 porro
909 1494 1031 1576 legitur
1044 1493 1099 1575 (A.
1114 1493 1192 1568 XV,
1205 1495 1276 1575 40):

134 1610 260 1692 ,Sexto
284 1613 422 1676 demum
446 1614 501 1675 die
525 1613 616 1695 apud
639 1614 723 1675 imas
748 1613 917 1695 Esquilias
937 1613 1012 1676 linis
1032 1603 1190 1676 incendio
1211 1612 1277 1675 fac-

86 1740 148 1807 tus,
174 1733 321 1813 prorutis
346 1753 406 1814 per
426 1732 628 1795 immensum
649 1731 821 1807 aedificiis,
843 1741 880 1794 ut
901 1733 1083 1795 continuae
1098 1732 1278 1795 violentiae

85 1870 226 1933 campus
257 1859 291 1912 et
323 1851 416 1914 velut
448 1870 591 1914 vacuum
624 1852 754 1914 caelum
788 1859 989 1914 occurreret.
1026 1851 1173 1914 Necdum
1201 1863 1278 1934 post

85 1987 190 2039 metus
211 1987 272 2038 aut
294 1975 441 2039 rediebat
463 1948 541 2040 ledis
644 1997 782 2039 rursum
802 1988 984 2059 grassatus
1007 1975 1129 2059 ignis.”

130 2093 226 2156 Haec
258 2094 439 2157 verborum
472 2095 592 2159 rudera
618 2096 753 2157 suntin
779 2096 908 2157 codice.
934 2095 1033 2157 Haud
1060 2093 1161 2157 dubie
1185 2102 1277 2156 recte

84 2214 234 2297 reposita
254 2214 321 2276 iam
340 2222 419 2276 sunt
440 2214 582 2276 haecce:
607 2214 771 2293 „necdum
794 2214 906 2296 posito
928 2222 1020 2276 metu
1041 2213 1173 2275 redibat
1186 2212 1276 2275 haud

84 2333 224 2407 levius”,
256 2353 400 2415 quorum
432 2342 564 2415 partem
596 2333 763 2415 praebent
791 2330 1026 2413 „deteriores”,
1052 2351 1130 2414 pars
1154 2351 1173 2394 a
1199 2332 1278 2394 viris

83 2453 196 2517 doctis
231 2461 282 2516 est
315 2453 464 2515 inventa.
507 2452 593 2515 Tum
631 2472 696 2537 ego
729 2472 791 2534 pro
817 2463 999 2535 grassatus
1029 2450 1141 2532 legere
1174 2450 1275 2513 velim

78 2584 317 2656 grassaturus,
341 2580 378 2635 ut
402 2580 475 2635 tota
499 2574 669 2634 sententia
692 2571 769 2635 fiat:

134 2691 309 2771 „Necdum
339 2692 451 2774 posito
476 2699 569 2753 metu
593 2691 725 2753 redibat
750 2689 840 2752 haud
864 2688 971 2752 levius
995 2709 1125 2751 rursum
1149 2709 1277 2770 grassa·

81 2819 179 2873 turus
203 2809 322 2892 ignis.’⁸

131 2929 276 3011 Egregie
298 2949 386 2992 nunc
406 2929 521 3011 paucis
539 2927 651 2990 verbis
662 2926 962 3009 comprehenditur
974 2927 1068 3008 quod
1081 2927 1160 2990 dein
1174 2927 1276 2991 susius

80 3056 273 3110 enarratur:
299 3049 427 3128 „minor
446 3046 584 3129 quidem
602 3047 735 3128 peribat
747 3046 922 3108 hominum
937 3066 1095 3108 numerus
1107 3047 1166 3108 sed
1182 3046 1277 3127 plura

79 3166 240 3231 aedilicia
264 3187 387 3249 magna
410 3167 523 3231 deleta
547 3167 657 3229 sunt.'’

129 3405 173 3467 A.
197 3404 274 3480 XV,
301 3419 351 3486 55.
376 3405 548 3468 Indicatus
571 3426 591 3468 a
615 3405 737 3467 liberto
761 3424 822 3466 suo
848 3403 987 3467 Milicho
1012 3403 1194 3467 Scaevinus
1218 3425 1273 3466 va·

80 3526 141 3588 riis
172 3525 282 3588 modis
305 3524 452 3605 singulas
477 3544 539 3599 res,
564 3524 686 3604 quibus
710 3522 754 3585 ab
778 3522 836 3585 illo
860 3523 893 3584 in
919 3524 1145 3605 suspicionem
1169 3524 1273 3585 addu-

78 3646 170 3707 citur
191 3653 365 3725 tamquam
385 3663 508 3706 arcana
528 3644 696 3724 quaedam
717 3651 751 3704 et
764 3641 897 3705 funesta
910 3642 1114 3725 reipublicae
1130 3641 1273 3715 molitus,

79 3761 254 3845 explicare
278 3771 313 3825 et
336 3761 519 3826 defendere
543 3765 673 3826 studet:

132 3881 315 3961 „Pecunias
338 3890 373 3944 et
396 3882 570 3945 libertates
593 3883 698 3944 servis
718 3890 753 3944 et
773 3890 852 3944 ante
874 3882 966 3944 dono
987 3883 1092 3956 datas,
1115 3882 1173 3943 sed
1196 3880 1274 3942 ideo

80 4011 164 4065 tunc
188 4000 323 4083 largius,
346 4003 426 4084 quia
449 4002 542 4064 tenui
567 4002 633 4063 iam
659 4021 693 4062 re
714 4000 867 4063 familiari
889 4010 923 4063 et
944 4002 1147 4064 instantibus
1168 4001 1273 4063 credi·

80 4121 213 4184 toribus
225 4128 432 4184 testamento
445 4121 623 4183 diffideret.
646 4119 831 4181 Enimvero
844 4119 1000 4183 liberales
1012 4141 1144 4202 semper
1158 4118 1274 4201 epulas

80 4243 243 4305 struxisse
271 4240 440 4304 diffideret
463 4241 553 4304 enim
579 4260 659 4302 vero
684 4240 788 4301 vitam
813 4260 993 4303 amoenam
1018 4248 1052 4303 et
1076 4241 1167 4302 duris
1190 4238 1275 4300 iudi·

82 4361 178 4424 cibus
202 4382 321 4444 parum
347 4359 559 4444 probatam.”

1136 4489 1165 4541 ¹r

1150 4590 1532 5014 A
